2152 4174
240 619 312 678 eius
334 635 431 678 omne
459 618 579 677 malum
605 615 806 676 exterminat.
849 613 938 674 Talis
960 632 997 674 ac
1070 611 1071 650 l

240 725 327 776 tanta
355 725 405 775 est
426 714 565 791 dignitas
588 713 730 787 Mariae,
758 721 792 772 ut
821 712 998 788 praecellat
1070 727 1071 812 p

240 830 355 874 omnes
377 822 508 873 sanctos
535 811 674 887 puritate
701 819 734 869 et
754 809 873 886 gratia,
901 810 998 870 cuius
1066 837 1072 921 p

238 920 273 971 tu
296 911 361 971 eris
383 909 580 970 secretarius
609 927 627 968 a
655 925 784 968 summo
807 908 888 968 caeli
920 925 997 985 rege

216 1008 300 1070 ssibi
323 1009 471 1068 donatus.
514 1007 615 1083 Igitur
634 1006 784 1066 sedulum
807 1004 853 1063 illi
877 1003 996 1065 exhibe

239 1104 469 1180 ministerium,
491 1105 584 1166 defer
605 1101 775 1179 honorem,
797 1121 908 1165 curam
932 1106 997 1164 sol-

238 1203 326 1263 licite
349 1203 512 1279 impende.
555 1203 611 1264 Sta
632 1219 720 1263 nunc
742 1202 831 1262 iuxta
852 1218 996 1278 crucem,

238 1301 322 1360 latus
351 1300 490 1360 observa
510 1299 663 1376 virginiS,
696 1307 844 1359 sustenta
874 1299 994 1360 lassam

238 1397 325 1457 ulnis
346 1397 422 1473 tuis,
443 1398 641 1473 amplectere
657 1396 806 1470 Mariam,
828 1395 919 1472 erige
941 1397 996 1456 de·
1069 1452 1073 1463 ,

204 1494 413 1570 inlicientem,
436 1497 606 1556 consolare
622 1495 854 1555 lacrimantem.
899 1495 996 1555 Plora

238 1593 335 1653 etiarn
358 1609 431 1652 cum
448 1593 604 1669 plorante,
625 1608 719 1669 geme
735 1609 808 1652 curn
831 1602 995 1668 gemente,

238 1690 319 1749 vade
351 1706 424 1749 cunr
446 1691 630 1766 gradiente,
661 1689 741 1750 siste
772 1707 846 1750 curn
876 1699 996 1768 stante,

237 1788 348 1848 reside
370 1804 444 1846 curn
467 1788 612 1847 sedente.
649 1787 725 1847 Non
740 1789 875 1848 recedas
897 1807 916 1848 a
937 1790 994 1850 do·

237 1888 335 1960 lente,
367 1902 449 1961 opus
471 1885 570 1962 imple
594 1885 848 1962 misericordiae,
871 1887 992 1948 deinde
1074 1887 1075 1890 ’

204 2009 228 2049 15
238 2000 314 2059 para
335 1990 366 2042 te
389 1982 428 2042 ad
450 1983 605 2060 exequias
628 1983 702 2043 lesu
724 1983 884 2045 morituri.
921 1986 994 2046 Duc

238 2089 374 2140 matrem
396 2089 505 2140 tecum
535 2081 574 2140 ad
596 2081 704 2140 locum
727 2081 912 2157 sepulchri,
944 2100 994 2143 re-

238 2177 300 2236 duc
317 2177 356 2238 ad
379 2176 553 2253 civitatem,
575 2178 673 2238 induc
695 2177 728 2237 in
750 2178 894 2256 domum,
917 2199 994 2241 con-

155 2283 156 2288 ’
238 2277 321 2338 lorta
342 2277 487 2338 omnium
499 2276 719 2336 desolatorum
731 2277 993 2338 consolatricem.

238 2374 314 2434 Esto
338 2375 488 2434 minister
509 2373 693 2450 angelicus,
725 2375 801 2435 licet
828 2376 890 2435 hac
919 2377 994 2438 vice

199 2471 374 2548 aodigniori
397 2483 429 2532 te
445 2471 602 2532 solacium
619 2470 748 2532 offerre.
778 2471 995 2535 Conlortatus

236 2578 286 2629 est
297 2570 383 2630 enim
396 2569 428 2628 in
440 2568 555 2646 agonia
565 2586 624 2629 sua
639 2571 678 2630 ab
693 2569 807 2646 angelo
820 2570 995 2665 Christus3

236 2665 296 2726 etsi
319 2683 385 2727 non
408 2667 506 2744 eguit,
527 2667 630 2727 voluit
651 2677 759 2728 tamen
777 2669 816 2728 ab
834 2667 993 2730 inferiore

234 2764 358 2826 visitari
375 2781 436 2825 nec
452 2764 560 2825 renuit
575 2766 807 2825 consolantem.
830 2764 928 2842 Ecce,
942 2784 993 2827 ca·

235 2861 365 2921 rissime
375 2862 548 2938 lohannes,
559 2862 598 2922 ad
609 2879 704 2939 quam
714 2863 823 2923 votiva
833 2864 993 2942 obsequia

198 2979 226 3020 25
235 2959 373 3035 vocaris,
395 2960 500 3037 qualis
521 2960 612 3036 virgo
634 2960 692 3020 tibi
715 2961 938 3039 committitur,
960 2973 994 3024 et

236 3055 330 3115 cuius
352 3067 455 3117 mater
476 3058 532 3117 tibi
555 3059 716 3119 servanda
737 3059 889 3120 creditur.

276 3153 372 3214 Nunc
401 3171 477 3231 ergo
500 3155 668 3216 humiliter
689 3157 825 3217 obsecro
857 3165 906 3232 te,
935 3175 992 3218 ora

236 3250 402 3311 ferventer
422 3269 480 3328 pro
503 3270 556 3313 me
583 3263 772 3330 peccatore,
803 3263 838 3314 ut
869 3265 902 3314 et
929 3272 990 3332 ego

236 3347 381 3409 fervidus
403 3350 465 3410 sim
489 3350 521 3410 in
546 3351 670 3412 Christi
693 3341 804 3412 amo're
833 3369 894 3412 nec
924 3370 990 3414 non

198 3446 372 3509 aodevotus
394 3446 543 3508 inveniar
564 3447 597 3507 in
615 3448 710 3508 laude
725 3448 838 3510 beatae
853 3450 991 3527 virginis
1074 3493 1075 3508 .

235 3553 331 3618 atque
353 3544 386 3604 in
409 3544 480 3604 eius
502 3545 614 3604 dolore
636 3556 860 3622 compunctus.

595 3649 633 3689 iso
