2118 4180
224 414 973 534 Qua-W

217 610 367 662 servante
399 602 438 662 de
470 602 697 678 copiosissima
727 603 975 664 miserationum

216 708 343 758 tuarum
367 699 511 775 largitate
532 709 572 760 'et
594 700 725 777 saepius
754 701 815 761 sibi
842 711 978 776 experta

217 795 335 871 pietate
358 795 502 857 conlisus
524 797 563 857 ad
585 799 735 858 salutaris
757 798 976 874 paenitentiae

218 893 397 954 remedium
425 911 483 969 per
510 895 626 954 acerba
654 896 794 956 lamenta
822 896 977 956 cucurrit.

194 991 257 1050 sEt
279 991 351 1051 ideo
376 991 521 1052 infinitae
543 991 764 1052 miserationis
784 1003 909 1069 portam
933 995 979 1053 la-

217 1088 344 1148 tissime
367 1088 427 1148 sibi
452 1089 576 1149 invenit
598 1100 751 1166 apertam.

259 1184 287 1246 O
304 1185 550 1247 inaestimabilis
561 1186 664 1263 pietas
675 1186 862 1246 salvatoris!
885 1186 978 1248 Oin-

218 1272 430 1342 exhauribilis
453 1283 526 1343 lons
552 1292 666 1359 patens
689 1283 909 1345 miserationis
931 1285 979 1346 di-

219 1382 313 1442 vinae
345 1381 692 1458 superemanantisque
722 1382 858 1458 gratiae,
891 1383 977 1443 unde
1054 1438 1057 1448 ,

185 1499 208 1539 10
219 1490 370 1556 peccator
384 1480 556 1540 maximam
572 1496 664 1555 spem
679 1480 805 1554 veniae,
822 1489 855 1539 et
870 1479 978 1540 iustus

219 1578 305 1653 larga
315 1576 489 1653 gratiarum
503 1594 639 1638 munera
649 1579 780 1638 haurire
796 1578 978 1638 consuevit.

220 1674 249 1736 Ο
266 1675 339 1751 quis
355 1675 433 1735 mihi
450 1693 537 1735 nunc
552 1675 671 1736 tribuat
687 1675 809 1736 iontem
827 1675 979 1736 invenire

219 1772 435 1848 lacrimarum,
457 1783 491 1833 ut
514 1791 587 1833 cum
610 1774 703 1836 beato
727 1775 823 1834 Petro
846 1783 980 1850 peccata

220 1885 293 1931 mea
307 1871 402 1947 digne
418 1871 595 1947 deplorem,
610 1882 771 1948 quatenus
783 1871 977 1931 delictorum

187 1988 210 2028 ιε
220 1986 367 2030 meorum
379 1968 507 2028 veniam
520 1968 720 2045 gratiamque
736 1968 888 2029 amissam
906 1969 979 2028 eius

220 2083 307 2127 nunc
326 2065 620 2127 intervenientibus
639 2066 765 2126 meritis
782 2082 910 2126 merear
930 2083 980 2125 re·

221 2163 354 2239 cipere?
377 2161 506 2224 Cecidit
527 2164 644 2223 Petrus
658 2164 774 2224 timore
793 2163 910 2223 mortis
925 2163 980 2223 de-

221 2261 327 2321 victus
356 2261 524 2321 veritatem
554 2271 604 2322 ter
632 2262 796 2338 negando,
828 2261 886 2321 sed
918 2277 980 2337 ego

221 2357 339 2418 cotidie
361 2358 394 2417 in
417 2359 528 2419 multis
550 2368 714 2420 aeternam
741 2358 872 2418 offendo
895 2358 981 2418 veri·

185 2466 318 2519 notatem
348 2456 411 2515 levi
441 2457 613 2517 occasione
642 2475 659 2516 a
688 2456 740 2516 via
765 2455 895 2516 virtutis
925 2457 981 2516 de-

222 2553 381 2614 clinando.
425 2555 541 2614 Petrus
563 2554 639 2614 dum
667 2554 813 2628 caderet,
843 2563 981 2629 repente

221 2651 372 2726 surrexit,
394 2668 453 2727 ego
469 2652 566 2712 citius
581 2652 670 2724 cado,
690 2650 813 2712 tardius
833 2665 982 2726 resurgo,

222 2767 293 2810 raro
316 2750 447 2826 plango,
469 2750 552 2809 male
575 2767 628 2809 me
650 2748 812 2824 custodio,
835 2748 983 2824 pericula

221 2865 287 2908 non
316 2846 396 2907 satis
426 2847 522 2907 evito.
572 2848 690 2908 Petrus
716 2862 825 2907 amare
847 2845 983 2921 planxit,

186 2943 344 3021 aspeccati
380 2945 585 3005 occasionem
622 2946 714 3020 lapsu
745 2944 860 3003 doctus
890 2942 983 3019 fugit,

222 3053 384 3104 secretum
396 3042 558 3119 quaesivit
568 3041 756 3102 lacrimandi
769 3042 877 3100 locum
890 3039 983 3100 lavit·

222 3159 285 3218 que
308 3140 459 3216 precibus
489 3139 664 3214 luctuosis,
693 3137 850 3215 quidquid
872 3154 984 3196 macu-

222 3241 327 3299 losum
351 3237 509 3297 contraxit
530 3236 640 3296 verbis
662 3235 810 3295 incautis.
850 3234 878 3296 O
904 3233 984 3295 ielix

222 3336 370 3410 lacrima,
399 3351 482 3411 quae
511 3343 574 3394 tam
603 3334 666 3394 cito
693 3332 869 3393 commissa
895 3332 985 3392 delet

186 3433 375 3508 eacumina,
403 3442 435 3493 et
457 3449 520 3508 qua
546 3431 642 3492 etiam
665 3429 789 3506 perdita
811 3446 986 3505 recupera-

224 3541 276 3591 tur
297 3531 407 3608 gratia.

591 3633 616 3674 n
