2194 4180
101 436 844 545 Qfflmafflffitffi

256 709 528 786 [CAPITVLVM
552 711 682 788 XXX1.]

93 850 847 928 Depoilidoetmiserandospecieiesu,quondo

91 948 202 1008 animo
224 949 293 1008 eius
311 949 467 1024 migrante
481 954 566 1009 certo
583 950 790 1009 mortalitatis
813 951 846 1010 in

264 1061 301 1106 eo
322 1051 544 1122 apparuerunt
563 1048 665 1123 signo.

91 1155 337 1378 &medico
359 1224 391 1276 et
405 1215 524 1292 gratias
540 1233 598 1292 ago
614 1215 682 1292 tibi,
705 1216 868 1282 Domines

220 1314 295 1373 lesu
321 1313 466 1390 Christe,
488 1314 659 1390 speculum
681 1314 754 1375 sine
780 1332 846 1375 ma·

89 1411 162 1469 cuia
176 1411 306 1471 divinae
322 1411 512 1487 maiestatis,
527 1429 585 1488 pro
597 1422 652 1472 tua
662 1412 846 1472 miseranda

88 1517 119 1566 et
154 1508 273 1585 pallida
308 1509 419 1584 specie
454 1526 495 1568 ex
530 1509 644 1570 mortis
675 1510 845 1570 invasione

88 1614 262 1682 contracta,
283 1607 412 1684 quando
435 1607 542 1667 anima
563 1617 619 1667 tua
646 1607 805 1686 migrante
828 1625 846 1667 a

87 1719 224 1779 corpore
240 1713 328 1764 certa
349 1705 382 1764 in
398 1715 430 1764 te
445 1705 650 1766 mortalitatis
665 1723 844 1783 apparuere
856 1723 881 1764 ιο

86 1800 188 1877 signa.
232 1802 306 1861 Heu
334 1803 399 1862 heu
423 1802 496 1861 Iesu
522 1803 667 1863 omnium
694 1803 844 1880 pulcher·

87 1899 180 1974 rime,
202 1900 298 1975 periit
313 1887 655 1961 decor'iucundissimi
671 1903 781 1962 vultus
797 1903 842 1962 tui

85 2013 103 2054 a
124 1997 278 2072 squalore
294 1998 544 2075 conspuentium
567 1998 600 2058 in
622 2008 654 2058 te
676 1998 770 2058 labiis
785 1999 843 2059 im·

86 2094 234 2170 mundis,
266 2106 298 2155 et
329 2095 448 2156 decidit
479 2095 540 2155 iios
570 2095 773 2172 gratissimae
795 2097 842 2156 iu·

85 2191 229 2252 ventutis
251 2202 325 2253 tuae
351 2193 384 2252 in
407 2192 595 2253 discrimine
625 2193 748 2253 mortis.
790 2193 841 2253 hh
855 2215 879 2255 15

84 2289 234 2364 piissime
271 2291 379 2366 Deus,
421 2292 501 2351 haec
537 2291 646 2350 omnia
681 2303 842 2352 venerunt

85 2403 186 2462 super
206 2395 238 2446 te
260 2397 393 2463 propter
413 2396 545 2464 peccata
567 2404 640 2446 mea
668 2389 843 2466 purganda,

84 2484 172 2560 quia,
194 2493 229 2544 ut
250 2501 310 2561 ego
333 2485 509 2544 mundarer
530 2485 563 2544 in
586 2485 710 2562 anima,
731 2496 764 2547 tu
788 2505 842 2548 vo·

84 2580 175 2640 luisti
212 2581 387 2642 deformari
424 2583 457 2641 in
488 2599 623 2658 corpore
654 2593 703 2658 et,
738 2595 773 2644 ut
803 2586 842 2644 ab

84 2689 217 2740 aeterna
252 2681 399 2757 eriperer
440 2691 564 2757 morte,
606 2682 879 2745 atrocissimamao

84 2787 223 2838 mortem
246 2779 424 2856 degustasti
454 2779 493 2838 ad
518 2781 641 2839 horam.
684 2779 714 2841 Ο
743 2797 842 2857 mors,

83 2878 162 2954 quid
185 2876 320 2938 iecisti?
349 2876 460 2953 Quare
479 2893 544 2937 non
560 2877 696 2937 timuisti
713 2877 841 2938 mittere

84 2993 216 3036 manum
232 2985 320 3035 tuam
340 2975 374 3034 in
391 2975 548 3035 christum
567 2975 726 3035 Domini?
753 2975 841 3052 Quid

83 3073 166 3133 iuris
188 3074 222 3134 in
245 3091 284 3133 eo
307 3074 459 3150 habuisti,
482 3084 536 3133 aut
564 3074 642 3150 quid
671 3075 784 3150 culpae
807 3075 839 3134 in

85 3171 151 3232 hlio
175 3172 235 3232 Dei
266 3171 513 3247 deprehendere
543 3172 703 3247 potuisti?
746 3172 878 3234 Occi-25

25 3263 26 3266 ’
83 3271 170 3345 disti,
191 3269 350 3344 invasisti,
372 3269 518 3329 sednon
548 3269 661 3330 illaesa
682 3270 840 3330 invasisti.

26 3421 27 3428 ,
85 3367 168 3427 Nam
190 3368 289 3427 vitam
312 3367 491 3427 occidendo
507 3367 617 3427 occisa
638 3385 675 3428 es
697 3376 728 3428 et
743 3370 839 3427 hamo

83 3465 262 3526 divinitatis
299 3463 424 3526 Christi
467 3464 629 3541 perforata
671 3465 838 3541 perdidisti

84 3563 272 3640 tyrannicae
303 3562 534 3622 dominationis
563 3573 636 3622 tuae
666 3562 839 3638 imperium
944 3644 947 3650 Ι

447 3668 480 3708 nn
