2142 4172
244 432 998 546 &Quam

242 623 351 683 omnia
365 625 495 702 propria
510 625 626 685 fierent
641 624 826 684 communia
841 624 875 683 in
886 635 998 686 sancta

242 721 405 797 primitiva
426 721 567 782 ecclesia
588 721 620 781 in
638 721 759 799 Spiritu
779 731 892 781 sancto
923 740 997 782 con-

241 828 379 896 gregata.
421 818 523 880 Tanta
544 837 674 896 quoque
697 819 757 880 fuit
779 819 915 894 laetitia,
938 839 998 896 pax

242 927 274 978 et
295 919 469 979 concordia
490 919 575 979 inter
596 935 671 993 eos,
699 927 734 978 ut
754 935 852 978 nemo
875 919 998 996 aliquid
1049 981 1050 988 χ

217 1033 337 1078 ssuum
354 1034 428 1077 esse
444 1017 639 1077 diceretnec
654 1025 817 1093 tamquam
828 1017 996 1093 proprium

242 1113 414 1190 quicquam
437 1115 637 1190 possideret,
666 1115 724 1175 sed
750 1132 866 1176 omnes
889 1117 998 1176 omnia

241 1212 275 1270 in
311 1213 381 1272 Deo
417 1213 635 1273 communiter
669 1213 789 1272 habere
825 1223 858 1273 et
891 1213 998 1274 distri-

240 1311 341 1370 buere
363 1311 534 1387 egentibus
555 1310 742 1387 gauderent.
772 1311 866 1370 Hanc
888 1321 995 1371 autem

241 1417 384 1468 sanctam
408 1418 440 1468 et
455 1408 609 1470 caelicam
624 1408 723 1468 vitam
739 1408 842 1468 sancti
858 1410 995 1486 apostoli

207 1505 392 1581 1⁰primitus
426 1506 466 1565 ab
500 1506 572 1582 ipso
604 1505 746 1568 Domino
777 1516 889 1566 nostro
923 1507 995 1566 Iesu

242 1602 377 1666 Christo
412 1603 596 1664 didicerunt
630 1620 667 1663 ac
698 1604 854 1680 deinceps
886 1604 997 1664 obser·

241 1719 318 1762 vare
344 1703 499 1762 curabant
527 1711 560 1762 et
587 1720 692 1779 usque
720 1703 760 1762 ad
789 1703 888 1762 finem
912 1703 997 1763 vitae

242 1816 321 1859 suae
358 1817 417 1874 pro
453 1800 516 1860 fide
552 1800 627 1860 Iesu
664 1798 789 1861 Christi
825 1800 997 1860 moriendo

242 1897 434 1958 retinebant.

208 2011 233 2052 15
284 1995 392 2056 Laudo
424 2004 456 2055 et
482 1993 641 2054 benedico
670 2003 718 2070 te,-
748 2003 860 2055 sancte
891 1995 997 2070 Pater,

241 2091 448 2168 omnipotens
470 2091 669 2167 sempiterne
692 2093 800 2167 Deus,
828 2109 903 2152 cum
927 2093 998 2152 uni·
1051 2089 1052 2092 ’

240 2189 350 2266 genito
373 2189 453 2250 Filio
483 2199 538 2249 tuo
567 2198 600 2248 et
621 2189 743 2265 Spiritu
771 2199 884 2250 sancto
906 2207 997 2266 para·

241 2288 317 2348 clito
333 2305 391 2365 pro
413 2287 564 2347 omnibus
579 2287 749 2347 beneficiis
764 2287 829 2348 tuis
851 2297 884 2347 et
903 2287 997 2364 spiri·

241 2386 382 2447 tualibus
403 2385 515 2460 donis,
540 2401 623 2461 quae
645 2385 722 2445 olim
745 2385 860 2445 clectis
882 2386 997 2446 amicis
1051 2451 1052 2464 p

204 2483 306 2544 totuis
337 2493 369 2543 et
397 2481 518 2542 sanctis
547 2481 739 2558 patriarchis
767 2491 799 2542 et
827 2484 997 2559 prophetis

241 2580 427 2654 exhibuisti,
449 2579 567 2656 quibus
589 2596 647 2656 per
667 2579 823 2657 Spiritum
846 2593 995 2644 sanctum

240 2689 367 2741 secreta
397 2679 576 2755 sapientiae
606 2687 680 2740 tuae
715 2689 748 2739 et
778 2679 900 2740 iudicia
931 2680 997 2740 oris

241 2776 286 2837 tui
309 2786 342 2837 et
363 2777 536 2855 praecipue
554 2776 746 2854 mysterium
762 2776 997 2838 incarnationis

240 2885 315 2936 tuae
336 2875 445 2936 verbis
468 2884 500 2935 et
527 2875 630 2952 signis
659 2874 715 2935 diu
736 2884 811 2935 ante
832 2874 997 2936 revelasti.

204 2993 231 3034 as
241 2975 306 3035 Sed
321 2983 395 3050 post
408 2975 583 3035 adventum
599 2982 702 3048 tuum,
722 2972 776 3049 pic
793 2972 878 3048 lesu,
894 2973 996 3032 multo

240 3074 333 3149 plura
354 3072 542 3133 abscondita
564 3072 796 3149 scripturarum
818 3087 878 3145 per
896 3080 997 3131 temet

240 3172 348 3248 ipsum
377 3172 527 3233 addidisti
557 3180 589 3231 et
610 3170 729 3231 clarius
751 3187 790 3230 ea
815 3168 995 3246 exposuisti

241 3279 283 3344 et,
305 3286 388 3346 quae
405 3268 531 3345 parvuli
547 3285 663 3346 capere
679 3267 818 3328 necdum
838 3275 997 3341 poterant,

242 3384 346 3444 usque
374 3366 413 3426 ad
437 3366 577 3442 Spiritus
599 3365 701 3426 sancti
728 3363 921 3425 missionem
945 3363 996 3441 pie

204 3485 232 3526 ao
242 3464 406 3526 distulisti.
436 3466 474 3526 Et
489 3466 576 3542 quod
590 3464 729 3542 amplius
744 3462 929 3523 mirandum
948 3472 998 3522 est

242 3571 275 3622 et
293 3562 498 3637 laudandum,
520 3563 619 3624 rudes
634 3562 853 3638 apostolorum
869 3560 997 3620 animos

600 3665 641 3708 aaa
