2152 4174
251 409 994 519 Quam-W

242 596 360 656 stetisti
384 598 563 657 secundum
585 597 807 674 propheticam
831 599 998 660 Simeonis
1048 645 1055 670 ,η

243 695 438 756 sententiam
459 695 566 771 gladio
587 696 743 757 transfixa
769 696 910 773 doloriS,
939 715 999 773 pro
1049 732 1055 769 3

242 792 354 852 multis
382 792 542 869 lacrimiS,
570 811 651 870 quas
685 803 763 854 tuuc
792 795 920 855 abunde
950 795 1000 855 lu·
1049 828 1053 836 ·

242 889 328 964 disti,
349 907 407 966 pro
430 889 569 951 maxima
591 890 744 951 lidelitate
767 901 798 952 et
820 892 1000 953 indeclina-
1053 960 1055 965 .

218 985 298 1049 sbili
321 987 545 1062 cohaerentia,
574 1005 670 1065 quam
693 988 760 1048 lilio
782 989 940 1049 morituro
965 990 998 1049 in
1049 1025 1054 1062 5

242 1094 386 1145 extrema
420 1086 618 1146 necessitate
653 1086 903 1162 demonstrasti,
938 1103 999 1162 pro
1050 1123 1055 1158 a

240 1183 330 1259 gravi
345 1183 541 1244 contritione
556 1184 664 1244 cordis
678 1185 736 1260 tui,
758 1202 853 1261 quam
874 1184 908 1243 in
924 1183 1000 1244 eius
1049 1247 1051 1256 ,

242 1280 442 1356 expiratione
471 1282 598 1342 acutius
627 1281 778 1357 sensisti,
808 1297 866 1357 pro
896 1280 998 1340 llebili
1053 1321 1055 1356 3

242 1389 374 1454 aspectu
396 1389 469 1455 tuo,
498 1396 571 1440 cum
594 1380 701 1456 ipsum
731 1389 894 1440 mortuum
921 1389 999 1439 ante
1051 1417 1053 1453 3

207 1485 273 1538 tote
295 1478 437 1552 pendere
459 1477 580 1553 vidisti,
601 1495 660 1553 pro
681 1477 735 1553 pio
757 1477 813 1537 illo
835 1477 1000 1552 amplexu,
1053 1545 1055 1552 Ι

240 1590 305 1650 quo
328 1575 435 1650 ipsum
458 1575 498 1635 de
521 1592 618 1636 cruce
640 1576 725 1635 inter
740 1584 885 1635 materna
906 1573 1000 1633 brac·
1049 1599 1055 1650 :¹

241 1673 315 1732 chia
344 1673 519 1750 suscepisti
551 1682 582 1733 et
613 1673 646 1732 in
678 1673 752 1733 sinu
783 1681 838 1732 tuo
870 1671 1000 1731 eiulans
1051 1721 1055 1748 ς

241 1771 424 1845 collocasti,
455 1787 513 1846 pro
545 1770 671 1847 lugubri
703 1769 840 1830 transitu
872 1779 928 1829 tuo
958 1769 998 1830 ad
1049 1807 1054 1846 :

242 1869 349 1928 locum
372 1869 576 1943 sepulturae,
605 1869 734 1943 quando
765 1877 838 1944 post
859 1866 999 1944 vestigia
1051 1904 1055 1942 2

209 1965 438 2041 rsportantium
470 1966 699 2042 corpusculum
731 1974 879 2025 sanctum
911 1981 998 2024 mae·
1052 2003 1055 2024 ,

243 2080 319 2124 rens
347 2063 522 2123 subsecuta
548 2081 584 2124 es
613 2062 793 2139 inspiciens
817 2063 924 2139 ipsum
948 2079 998 2122 re·
1053 2103 1054 2116 ,

242 2161 318 2235 poni
334 2159 367 2219 in
383 2169 631 2221 monumentum
647 2171 680 2221 et
694 2162 755 2220 sub
766 2160 873 2236 lapide
883 2159 997 2236 grandi
1053 2203 1054 2208 η

242 2260 403 2336 concludi,
425 2277 483 2336 pro
506 2259 605 2320 flebili
629 2259 684 2318 illo
714 2275 866 2335 regressu
889 2275 906 2317 a
928 2274 998 2317 mo·
1053 2301 1054 2305 ,

241 2367 397 2417 numento
427 2367 459 2417 et
487 2356 620 2417 introitu
650 2357 688 2416 ad
717 2356 849 2433 hospitii
877 2357 999 2431 locum,

204 2455 294 2520 aoubi
318 2473 391 2515 cum
414 2455 526 2515 multis
548 2455 699 2516 fidelibus
720 2454 839 2514 ibidem
863 2471 1000 2531 congre-

239 2553 323 2629 gatis
345 2570 444 2629 super
465 2553 613 2613 amabilis
636 2553 692 2612 lilii
715 2553 761 2613 tui
784 2560 888 2611 morte
912 2567 1001 2612 com·

241 2651 327 2726 pleta
357 2650 471 2711 iterato
503 2667 619 2710 rursus
654 2651 796 2710 lamento
832 2648 1000 2709 uberrime
1051 2709 1052 2718 ,

241 2748 392 2825 planxisti
409 2758 440 2808 et
455 2748 601 2808 omnium
618 2748 650 2807 in
673 2756 704 2807 te
720 2748 833 2807 oculos
855 2747 894 2806 ad
911 2764 1000 2806 com·
1051 2759 1052 2780 ¹

240 2847 457 2923 plangendum
480 2845 674 2922 provocasti.

203 2969 230 3010 25
280 2942 480 3019 Compatere
501 2960 606 3018 nunc,
635 2942 743 3003 anima
764 2959 847 3017 mea,
877 2940 997 3018 virgini

240 3041 420 3117 dolorosae,
442 3041 535 3102 matri
551 3040 754 3115 lacrimosae,
769 3038 894 3098 Mariae
910 3056 999 3099 amo-

240 3156 343 3199 rosae.
387 3138 421 3199 Si
438 3138 576 3199 Mariam
599 3137 718 3213 diligis,
740 3137 841 3198 debes
862 3136 893 3197 ei
910 3153 998 3198 com·

240 3238 304 3313 pati
327 3238 359 3297 in
382 3237 480 3298 tantis
502 3236 685 3312 doloribus,
714 3245 749 3295 ut
780 3244 811 3295 et
840 3234 898 3294 tibi
921 3235 997 3294 sub·

240 3335 349 3395 veniat
371 3335 404 3396 in
427 3335 493 3395 tuis
508 3333 677 3410 angustiis.
711 3332 796 3393 Ecce
817 3334 923 3408 plorat
944 3331 998 3408 pia

203 3429 997 3508 somaterunicumlilium,ploratlllariaCleophe

240 3538 392 3606 nepotem
415 3529 631 3604 carissimum,
653 3529 756 3605 plorat
779 3527 884 3588 Maria
905 3528 997 3603 Mag·

602 3635 639 3675 too
