2142 4172
247 412 310 479 ‘³³³0'
329 408 460 505 {2²
462 424 526 493 ’ΞΝ
544 431 574 512 h,
586 459 605 512 1,
617 402 971 516 law

408 652 680 731 [CAPITVLVM
703 654 785 730 XV.]

219 814 265 874 De
286 817 375 873 tactu
396 818 580 873 sanctorum
599 813 766 873 vulnerum
782 812 900 874 Christi
917 830 983 889 per

302 926 434 970 manum
455 911 560 971 sancti
585 909 722 971 Thomna
742 910 891 986 apostoli.

220 1021 467 1242 &medico
488 1088 520 1140 et
534 1079 653 1157 gratias
668 1097 727 1157 ago
742 1078 811 1156 tibi,
834 1079 977 1141 Domine

197 1203 212 1244 5
352 1178 425 1238 lesu
442 1176 587 1254 Christe,
608 1178 807 1239 illuminator
828 1179 975 1240 omnium

221 1275 364 1336 fidelium
380 1285 510 1336 tuorum
532 1277 565 1337 in
581 1277 718 1353 caligine
733 1276 832 1337 huius
851 1277 978 1352 mundi,
1043 1277 1048 1292 '

220 1390 277 1450 pro
306 1383 361 1434 tua
388 1375 528 1435 maxima
549 1375 758 1436 miseratione
787 1383 819 1435 et
841 1375 975 1451 speciali
1060 1453 1061 1456 Ἴ

220 1471 420 1547 apparitione
449 1482 481 1532 et
502 1472 739 1532 confortatione
765 1473 868 1532 sancti
890 1471 976 1532 Tho-

221 1585 292 1628 mae
323 1569 459 1645 apostoli
491 1569 537 1630 tui
568 1569 600 1630 in
630 1569 693 1630 lide
723 1571 976 1632 resurrectionis

187 1691 211 1732 ro
221 1676 312 1742 tuae,
340 1685 423 1745 quae
452 1684 583 1727 omnem
612 1669 786 1727 humanam
816 1667 974 1729 rationem

221 1767 348 1826 excedit
370 1776 402 1826 et
422 1766 646 1826 amortalibus
661 1765 893 1842 comprehendi
909 1781 975 1825 non
1060 1775 1061 1784 ¹

221 1872 337 1940 potest,
359 1865 417 1925 sed
433 1865 502 1924 sola
517 1864 580 1924 fide
596 1873 627 1924 et
642 1864 841 1924 revelatione
856 1863 975 1923 divina.

222 1961 336 2037 Multa,
359 1962 499 2022 Domine
520 1963 621 2037 Deus,
643 1961 802 2021 mirabilia
823 1970 975 2037 operatus

223 2076 259 2119 es
290 2059 328 2117 ab
363 2058 455 2119 initio
493 2059 615 2119 saeculi
658 2067 690 2118 et
722 2058 827 2118 adhuc
859 2056 976 2117 cotidie

189 2181 214 2223 15
223 2156 368 2233 operaris
390 2157 423 2216 in
446 2157 536 2217 caelo
565 2167 596 2217 et
625 2157 658 2216 in
687 2149 774 2217 terra
796 2173 854 2233 pro
875 2154 977 2232 gloria

223 2254 366 2315 nominis
394 2255 440 2315 tui
469 2255 669 2316 declaranda.
713 2253 873 2332 Quamvis
900 2268 976 2328 ergo

223 2354 304 2412 haec
332 2352 371 2411 ab
399 2352 587 2412 hominibus
614 2351 845 2429 comprehendi
875 2360 907 2411 et
931 2351 977 2410 in·

223 2449 376 2526 vestigari
398 2450 494 2524 plene
516 2458 700 2526 nequeunt,
724 2448 781 2510 tibi
803 2457 911 2508 tamen
934 2447 977 2507 ia-

224 2546 345 2607 cillima
379 2555 456 2606 sunt
490 2556 521 2607 et
552 2547 591 2607 ad
626 2547 804 2607 electorum
840 2545 975 2605 salutem

188 2644 394 2722 mpotissime
417 2643 497 2704 fiunt
519 2653 551 2705 et
572 2645 771 2704 ordinantur.

266 2743 304 2802 Et
335 2743 410 2819 quia
438 2743 576 2804 dilectus
605 2742 666 2803 iste
695 2742 876 2818 discipulus
903 2751 976 2802 tuus

225 2841 258 2902 in
281 2857 381 2901 sensu
403 2858 464 2902 suo
486 2840 694 2917 pertinaciter
717 2856 782 2899 non
808 2839 897 2899 stetit
919 2855 976 2899 nec

226 2938 386 2999 malitiose
402 2941 537 2999 verbum
560 2938 701 3015 protulit,
723 2937 809 3014 quod
824 2954 889 2996 non
912 2953 977 2996 cre-

227 3036 334 3110 deret,
362 3035 424 3096 nisi
454 3046 486 3096 te
508 3037 633 3098 videret
657 3045 688 3096 et
716 3043 879 3112 tangeret,
907 3034 976 3094 ideo

190 3133 483 3195 asmisericordiam
513 3144 544 3195 et
569 3133 703 3212 gratiam
730 3132 886 3209 consequi
909 3148 977 3208 pro-

227 3231 356 3307 meruit,
377 3231 421 3292 ita
442 3241 477 3292 ut
496 3241 643 3308 patenter
665 3231 768 3291 oculis
790 3230 860 3290 suis
883 3239 914 3291 te
934 3229 977 3289 vi·

228 3329 319 3388 deret
341 3338 373 3389 et
394 3345 491 3389 manu
508 3338 696 3390 reverenter
716 3328 899 3388 certissime
914 3338 977 3388 tan-

227 3436 318 3504 geret
340 3436 371 3487 et
388 3444 518 3487 omnem
534 3427 766 3487 dubitationem
783 3426 977 3502 relinqueret

229 3535 261 3585 et
275 3526 500 3602 pusillanimes
511 3527 543 3586 in
556 3525 618 3586 fide
635 3526 840 3586 confortaret.
858 3523 977 3583 Videns

587 3629 627 3671 294
