2194 4180
131 567 260 644 qualem
291 567 403 626 habuit
432 565 644 626 devotissima
669 565 775 642 Maria
796 565 886 643 Niag·

131 665 247 724 dalena
265 665 298 724 in
314 664 366 725 die
382 681 588 740 parasceues,
609 665 738 740 quando
758 673 794 725 te
806 663 885 724 vidit

130 759 287 838 eruciiigi,
308 761 391 822 mori
413 770 510 838 atque
525 760 657 837 sepeliri
680 769 712 821 et
731 760 823 836 quasi
846 761 885 820 ab

130 859 283 920 omnibus
299 858 475 934 contemni,
493 857 634 919 derideri
651 867 682 918 et
698 857 884 934 vituperari.

130 957 197 1017 Sed
217 957 336 1033 gratias
358 957 426 1033 tibi,
447 956 686 1033 patientissime
709 955 794 1031 Iesu,
818 973 908 1015 nons

130 1054 186 1114 diu
214 1054 393 1130 permansit
424 1054 478 1114 hic
510 1053 612 1113 falsus
642 1070 754 1112 rumor
784 1053 824 1112 de
853 1061 884 1112 te

129 1151 247 1226 dictus,
269 1153 328 1212 sed
349 1161 423 1228 post
444 1161 511 1212 tres
533 1151 604 1211 dies
626 1150 733 1211 vicisti
756 1159 788 1210 et
809 1167 884 1237 con-

130 1249 242 1309 fudisti
274 1251 387 1310 hostes
418 1259 492 1310 tuos
523 1249 723 1326 resurgendo
754 1247 837 1306 liber
867 1265 885 1306 a

129 1346 277 1407 mortuis.
319 1349 423 1423 Vere,
454 1347 612 1422 Domine,
640 1347 809 1423 impletum
834 1357 885 1404 est

128 1444 266 1503 verbum
282 1452 385 1519 tuum,
406 1444 493 1521 quod
515 1443 555 1504 de
571 1442 676 1502 Niaria
692 1443 884 1519 Magdalena
896 1464 920 1505 ro

128 1557 239 1600 coram
262 1541 432 1617 discipulis
462 1540 529 1601 tuis
560 1540 593 1600 in
626 1541 754 1600 laudem
785 1541 883 1600 bene-

129 1639 288 1699 factorum
318 1639 422 1715 ipsius
444 1638 649 1714 praedixisti:
677 1637 784 1698 Amen
810 1638 883 1698 dico

126 1735 233 1811 vobis,
255 1736 452 1812 ubicumque
469 1736 690 1813 praedicatum
709 1735 806 1796 fuerit
821 1736 883 1795 hoc

127 1833 334 1910 evangelium
365 1835 398 1893 in
426 1844 493 1894 toto
524 1835 664 1908 mundo,
695 1833 822 1893 dicetur
852 1843 884 1892 et

126 1931 215 2007 quod
238 1933 319 1991 haec
336 1932 413 1992 iecit
428 1933 461 1992 in
477 1932 669 1993 memoriam
685 1931 767 1991 eius.
796 1931 883 1991 Vere
895 1952 919 1993 15

125 2029 262 2104 impleta
283 2039 333 2089 est
355 2046 395 2089 ex
417 2031 516 2091 odore
538 2028 695 2106 unguenti
724 2027 796 2088 eius
818 2037 884 2088 tota

125 2127 246 2186 domus
260 2135 324 2202 tua,
345 2127 452 2203 idest,
475 2127 630 2188 universa
644 2125 784 2186 ecclesia
806 2125 883 2185 iide-

125 2223 225 2299 lium,
256 2241 315 2300 per
344 2226 456 2285 orbem
487 2234 630 2285 terarum
662 2223 724 2283 late
753 2221 882 2293 diffusa,

125 2321 316 2395 apostolicis
337 2321 494 2384 doctrinis
516 2322 602 2382 clare
617 2321 740 2381 imbuta
760 2319 881 2379 divina-

125 2435 192 2494 que
213 2417 349 2480 veritate
372 2419 506 2480 firmata.
536 2419 618 2478 Nam
642 2418 727 2478 fama
746 2434 917 2494 magnaezo

125 2515 308 2576 sanctitatis
330 2516 402 2577 eius
423 2535 483 2594 per
503 2517 669 2594 apostolos
691 2524 722 2575 et
744 2532 881 2592 evange·

125 2612 219 2673 listas
241 2623 292 2674 est
313 2615 477 2692 descripta
505 2623 537 2675 et
559 2622 800 2689 consequenter
823 2629 881 2688 per

124 2711 367 2787 praedicatores
398 2721 430 2772 et
459 2714 610 2773 doctores
638 2720 749 2788 aperte
777 2711 880 2771 divul-

123 2817 206 2884 gata.
255 2809 450 2871 Celebratur
478 2810 614 2886 insuper
643 2818 675 2870 et
703 2810 881 2870 honoratur

123 2923 184 2982 per
219 2907 366 2983 singulos
401 2924 504 2967 annos
538 2907 680 2984 gloriosa
719 2906 916 2968 festivitaszs

124 3004 199 3065 eius
219 3006 395 3082 praecipua
409 3005 584 3066 devotione
602 3006 634 3066 in
650 3015 761 3066 sancta
776 3006 880 3065 eccle-

124 3101 174 3162 sia
205 3103 243 3162 ab
274 3104 363 3164 omni
395 3105 483 3164 clero
515 3112 547 3164 et
578 3103 748 3180 utriusque
780 3121 879 3164 sexus

122 3201 261 3277 populo,
293 3202 326 3261 in
357 3219 421 3277 qua
452 3200 643 3261 Felicissime
671 3201 778 3261 anima
806 3202 878 3263 eius

123 3297 295 3374 emigravit
310 3315 349 3358 ex
365 3301 427 3360 hoc
443 3299 575 3359 saeculo
591 3299 629 3358 ad
644 3308 687 3373 te,
700 3300 877 3361 Dominum

123 3403 272 3454 nostrum
310 3396 417 3455 Iesum
451 3395 642 3472 Christum,
678 3396 710 3458 in
747 3406 914 3458 aeternaso

123 3491 333 3552 tabernacula
353 3502 417 3554 tua.
460 3492 577 3554 Amen.

481 3599 521 3642 251
