2194 4180
245 645 375 696 sanctae
410 646 443 696 et
473 637 695 698 amarissimae
726 637 800 698 illae
835 638 998 712 lacrimae,
1074 693 1075 708 ,

244 750 325 810 quas
354 733 387 794 in
416 734 568 810 passione
594 734 719 796 Christi
743 736 890 811 pluriens
919 735 999 796 ellu-
1074 717 1075 726 ἵ

244 831 318 890 disti
342 848 382 891 ex
396 832 583 892 vehementi
600 833 827 909 compassione
847 851 920 893 curn
943 833 997 894 lle·

243 927 330 988 tibus
351 937 384 988 et
404 928 579 1004 gemitibus
601 929 769 990 dolorosis'
789 931 901 990 matris
924 931 995 991 Iesu

219 1035 276 1087 set
297 1026 470 1086 eiulatibus
493 1026 617 1087 Mariae
636 1027 848 1104 Magdalenae
870 1039 995 1089 etcum
1074 1065 1075 1068 =

243 1124 389 1185 omnium
421 1125 719 1201 condiscipulorum
751 1135 784 1186 et
813 1136 995 1187 sanctarum

243 1223 438 1283 feminarum
461 1223 612 1284 lamentis
635 1223 805 1283 immensis
827 1224 861 1283 in
878 1235 994 1284 terram
1074 1211 1075 1288 J

241 1321 418 1397 prolapsis,
449 1337 532 1397 quae
561 1337 626 1380 non
655 1321 688 1380 in
717 1338 856 1382 vacuum
888 1338 995 1381 coram
1074 1349 1075 1354 κ

243 1420 314 1479 Deo
345 1419 483 1492 fluxere,
518 1418 576 1477 sed
607 1435 685 1478 vere
717 1418 774 1478 toti
808 1419 929 1478 mundo
965 1428 996 1478 et

207 1516 322 1577 romihi
351 1515 491 1576 maxime
513 1515 706 1591 profuerunt
734 1525 766 1576 et
794 1515 899 1575 adhuc
924 1532 996 1592 pro·
1074 1509 1075 1524 ¹

242 1623 318 1675 sunt
340 1624 372 1673 et
393 1613 510 1673 docent
538 1628 590 1672 me
613 1611 692 1672 flere
714 1622 746 1672 et
768 1613 942 1673 condolere
964 1623 997 1673 et

241 1711 427 1788 passionem
451 1711 583 1772 Domini
611 1711 674 1771 mei
699 1711 773 1771 Iesu
796 1711 921 1773 Christi
945 1729 997 1772 co·

241 1809 319 1869 tidie
335 1809 507 1870 memorari
524 1819 556 1868 et
570 1826 629 1885 pro
642 1809 785 1886 peccatis
799 1809 883 1869 meis
898 1826 996 1886 saepe

241 1923 372 1982 gemere
395 1916 426 1966 et
448 1905 652 1967 incessanter
673 1923 775 1966 orare.

207 2027 232 2069 rs
282 2002 311 2065 Ο
333 2004 386 2080 pie
410 2004 495 2079 Iesu,
516 2004 639 2065 utinam
661 2022 792 2081 possem
816 2021 930 2064 omnes
952 2004 998 2063 la-

242 2101 360 2162 crimas
374 2111 446 2161 tuas
462 2112 494 2160 et
509 2110 639 2161 sanctae
654 2101 766 2161 matris
780 2111 855 2160 tuae
871 2101 997 2161 Mariae

241 2211 273 2260 et
293 2199 500 2261 beatissimae
524 2199 735 2276 Magdalenae
763 2199 997 2260 devotissimae

241 2296 473 2358 lamentatricis
494 2297 657 2373 passionis
685 2308 759 2357 tuae
782 2296 997 2373 omniumque

240 2404 426 2455 sanctorum
463 2404 495 2453 et
527 2404 729 2470 sanctarum,
764 2394 909 2455 omnium
941 2394 998 2454 de-

203 2505 389 2560 aovotorum
422 2502 453 2552 et
483 2493 690 2568 devotarum,
723 2492 918 2552 famulorum
951 2491 998 2551 la·

240 2592 467 2666 mularumque
495 2599 622 2649 tuarum
651 2590 685 2649 in
716 2607 817 2650 unurn
842 2607 997 2667 magnum
1074 2579 1075 2588 ¹

241 2699 272 2748 et
303 2687 431 2748 firmum
468 2686 589 2746 dolium
622 2703 818 2763 congregare
853 2697 885 2748 et
920 2688 997 2764 igne

240 2785 343 2846 sancti
365 2785 506 2862 Spiritus
536 2784 715 2844 calefacere
744 2795 776 2844 et
803 2785 836 2845 in
866 2803 905 2845 eo
928 2787 997 2846 ani·

240 2900 325 2943 marn
347 2900 452 2943 rnearn
474 2882 622 2958 proicere
647 2892 679 2941 et
699 2882 851 2943 balneare
873 2893 906 2943 et
927 2900 997 2943 orn·

203 2998 300 3041 asnes
328 2981 471 3040 maculas
500 2988 706 3055 peccatorum
733 2996 880 3039 meorum
903 2997 997 3057 prae·

239 3079 408 3140 teritorum
444 3087 476 3138 et
511 3077 745 3138 cotidianorum
782 3077 921 3138 dolendo
956 3095 996 3137 ac

240 3177 365 3237 seriose
377 3176 483 3236 llendo
492 3175 634 3250 abluere,
645 3176 812 3250 mundare,
823 3175 996 3252 detergere

240 3283 271 3334 et
293 3273 464 3334 candidare
487 3281 518 3333 et
539 3272 630 3349 quasi
646 3272 681 3332 in
696 3274 824 3334 lavacro
842 3272 995 3347 baptismi
1074 3263 1075 3266 '

240 3381 271 3432 et
292 3372 325 3432 in
343 3371 488 3432 Iordanis
511 3371 645 3430 flumine
661 3371 769 3431 denuo
785 3370 923 3445 renasci,
945 3386 998 3430 re·

123 3489 127 3499 ‘
203 3469 351 3530 sonovari
374 3479 406 3529 et
428 3468 579 3543 recreari,
601 3479 761 3546 quatenus
783 3469 822 3528 ab
843 3468 998 3528 omnibus

240 3565 368 3626 delictis
396 3578 428 3625 et
458 3565 595 3626 offensis
626 3576 812 3625 sanctorum
842 3565 998 3641 precibus

598 3670 638 3711 an
