2118 4180
226 615 339 659 verum
361 606 393 659 et
407 597 596 658 admirabile
619 598 740 673 lumen,
761 597 848 674 quod
862 605 898 659 tu
915 596 993 674 ipse

226 713 273 771 es,
295 696 416 772 patenti
438 712 520 756 voce
542 695 752 756 annuntiasti.

267 793 357 870 Rogo
379 800 430 868 te,
456 791 680 853 amantissime
703 792 993 869 1esu,magistro·
1044 819 1045 824 κ

227 908 298 950 rum
322 889 460 966 optime,
489 889 604 950 confer
628 889 709 949 mihi
739 888 890 950 salutaris
912 889 993 949 doc·

203 987 331 1051 strinae
373 996 449 1047 tuae
493 988 614 1048 fluenta
651 987 816 1048 sitibundo
854 986 992 1046 haurire

227 1094 376 1161 pectore,
404 1083 577 1162 diligenter
605 1083 881 1160 animadvertere,
913 1101 993 1160 pru·

227 1184 343 1243 deuter
363 1181 564 1259 intellegere,
592 1181 737 1242 suaviter
760 1181 935 1258 degustare
959 1189 992 1240 et

228 1279 337 1340 omnia
372 1279 527 1340 exercitia
563 1296 636 1339 mea
675 1280 856 1340 secundum
895 1295 993 1338 sacra

228 1376 313 1436 dicta
334 1376 401 1437 oris
422 1377 469 1437 tui
492 1376 599 1437 debite
622 1377 779 1453 formare,
808 1375 884 1453 quia
909 1393 992 1435 nus-

194 1491 324 1551 roquam
342 1484 407 1535 tam
427 1485 575 1552 prompte
596 1485 628 1536 et
647 1475 754 1535 lucide
774 1472 992 1550 perfectionis

228 1569 314 1631 viam
337 1570 485 1647 invenio,
506 1571 591 1631 sicut
613 1571 646 1630 in
669 1569 867 1630 sanctissimi
890 1587 991 1631 evan·

228 1667 304 1745 gelii
321 1667 502 1728 clarissimo
518 1667 651 1743 speculo
667 1667 706 1727 ad
721 1667 894 1744 legendum
906 1665 990 1726 mihi

230 1774 262 1827 et
277 1765 404 1826 cunctis
418 1765 588 1841 patefacto.
623 1766 659 1825 In
674 1774 716 1839 te,
739 1763 890 1841 Domine,
914 1764 991 1825 fons

230 1872 381 1923 aeternae
397 1861 586 1939 sapientiae,
607 1863 719 1923 lumen
734 1861 820 1923 vitae
835 1879 872 1922 ac
887 1863 992 1924 totius

196 1990 220 2031 15
230 1960 400 2021 suavitatis
429 1959 597 2036 plenitudo
630 1953 785 2020 exuberat
816 1969 847 2019 et
877 1976 991 2036 perse-

229 2067 330 2118 verat.
373 2057 497 2118 Inclina
518 2074 594 2134 ergo
616 2074 673 2118 cor
698 2073 807 2117 meum
836 2056 870 2116 in
899 2056 991 2117 testi-

230 2155 340 2216 monia
359 2163 423 2216 tua.
454 2155 554 2231 Aperi
576 2173 688 2216 aurem
708 2172 813 2215 meam
836 2155 870 2214 iu
890 2154 991 2214 verba

230 2253 298 2313 oris
319 2253 376 2314 tui.
405 2252 526 2314 Averte
549 2253 662 2313 oculos
676 2269 779 2328 meos,
801 2269 842 2312 ne
857 2251 991 2312 videant

231 2351 424 2428 vanitatem3
446 2351 478 2411 in
498 2351 551 2411 via
573 2351 657 2411 vitae
679 2360 753 2411 tuae
775 2349 906 2410 vivifica
926 2365 990 2409 me.

195 2449 323 2512 arLicet
353 2449 440 2509 enim
472 2448 612 2523 simplex
642 2457 674 2508 et
705 2447 810 2508 facilis
837 2455 991 2522 appareat

232 2546 441 2623 evangelicus
463 2545 575 2622 stilus,
604 2554 654 2605 est
677 2554 785 2605 tamen
807 2544 990 2619 profundus

233 2652 265 2703 et
286 2644 371 2704 altus
392 2644 575 2720 plenusque
597 2641 764 2720 mysteriis
783 2641 990 2716 caelestibus,

234 2739 273 2801 ad
308 2757 392 2817 quae
428 2739 584 2816 capienda
623 2749 711 2801 totus
746 2739 889 2799 mundus
923 2756 989 2799 non

234 2837 365 2899 suflicit.

197 2977 225 3019 25
426 2950 697 3030 [CAPITVLVM
720 2951 803 3028 XX.]

248 3078 295 3138 De
313 3076 461 3152 gloriosis
481 3077 582 3152 signis
602 3080 634 3137 et
654 3075 869 3137 benivolentia
890 3077 970 3137 Iesu.

235 3170 482 3392 &medico
505 3237 537 3288 et
551 3227 669 3304 gratias
685 3245 743 3305 ago
758 3227 827 3304 tibi,
849 3227 989 3289 Domine

359 3327 434 3387 lesu
446 3325 591 3402 Christe,
601 3325 706 3386 virtus
717 3325 778 3386 Dei
790 3335 822 3386 et
833 3325 990 3401 sapientia

235 3423 346 3500 patris,
367 3442 425 3500 pro
446 3423 512 3485 tuis
531 3422 683 3500 gloriosis
698 3422 801 3500 signis
816 3432 847 3483 et
862 3423 990 3483 eximiis

198 3520 467 3581 aomiraculorum
489 3517 662 3595 prodigiis,
693 3518 813 3595 quibus
834 3521 989 3581 mundum

600 3625 628 3665 40
