2142 4172
97 413 853 529 &Quat-Q&

96 603 239 664 adventu
262 603 402 679 Spiritus
424 604 527 664 sancti
550 614 623 680 post
644 622 766 681 paucos
781 605 852 665 dies

96 701 305 777 reprimendo
334 702 537 778 quorundam
566 702 729 763 curiosam
756 720 852 779 quae-

95 799 237 859 stionem
260 799 301 859 de
324 799 388 859 linc
411 800 522 860 mundi
546 800 585 859 ad
614 817 671 860 eos
693 817 758 859 non
780 817 852 875 per-

95 895 265 958 tinentem.

138 993 201 1054 His
236 995 331 1055 dictis
366 996 439 1056 data
479 995 707 1057 benedictione
750 995 875 1058 sacriss

95 1092 248 1153 manibus
270 1103 302 1154 et
323 1094 540 1154 valedictione
555 1094 622 1154 oris
638 1095 765 1170 expleta
787 1094 851 1154 ele-

95 1201 191 1252 vatus
222 1210 258 1252 es
290 1210 364 1253 cum
394 1192 537 1268 glorioso
567 1208 703 1267 corpore
732 1190 850 1250 virtute

94 1289 207 1350 divina
228 1291 262 1350 in
284 1291 347 1351 alta
368 1292 532 1351 caelorum
556 1290 738 1350 habitacula
759 1305 851 1348 sanc-

94 1397 203 1448 torum
235 1389 483 1449 occurrentibus
511 1388 567 1449 tibi
598 1398 629 1448 et
651 1385 851 1447 concinenti-

94 1487 158 1546 bus
194 1485 377 1546 innumeris
408 1486 599 1563 angelorum
629 1485 733 1546 turbis
755 1494 887 1561 atquem

95 1583 375 1661 congaudentibus
410 1583 444 1644 in
479 1583 609 1661 organis
652 1593 684 1644 et
718 1583 851 1643 citharis

94 1680 261 1741 universis
288 1682 452 1742 caelicolis
482 1700 555 1742 cum
583 1681 735 1742 omnibus
756 1681 852 1757 patri·

94 1779 205 1840 archis
236 1791 268 1841 et
299 1780 468 1856 prophetis
499 1790 531 1840 et
568 1779 710 1856 antiquis
746 1779 851 1854 iustis,

94 1894 180 1954 quos
201 1877 241 1938 de
263 1895 361 1939 manu
390 1879 486 1939 inferi
509 1879 655 1938 valenter
684 1877 850 1937 redemisti

95 1984 129 2035 et
151 1976 185 2035 in
201 1978 386 2053 paradisum
402 1977 577 2054 voluptatis
592 1994 697 2054 usque
713 1976 751 2036 ad
767 1978 850 2035 hanc
863 1992 887 2032 15

95 2073 183 2133 diem
215 2076 325 2152 quiete
357 2078 532 2138 collocasti.
576 2077 662 2139 Cum
699 2076 851 2136 omnibus

95 2189 174 2249 ergo
196 2173 269 2233 istis
283 2184 347 2234 tam
364 2176 492 2235 decoris
508 2185 540 2235 et
555 2176 648 2235 laetis
663 2185 850 2234 sanctorum

94 2271 279 2348 agminibus
301 2272 476 2333 ascendisti
500 2273 666 2349 laetanter,
694 2282 851 2349 patenter,

93 2378 246 2444 potenter
276 2378 308 2429 et
338 2370 575 2445 praecellenter
601 2351 644 2430 'ad
681 2371 788 2447 regale
820 2380 852 2430 et

93 2466 232 2526 arduum
255 2468 420 2527 caelorum
436 2468 554 2528 solium
578 2469 616 2529 ab
638 2477 771 2528 aeterno
793 2467 887 2530 tibiao

92 2564 157 2624 soli
180 2565 372 2642 dignissime
393 2576 629 2642 praeparatum.

137 2663 245 2722 Laudo
276 2673 307 2724 et
342 2665 565 2741 multipliciter
596 2664 753 2741 regratior
783 2664 850 2740 tibi,

92 2761 192 2822 unice
215 2761 259 2821 iili
284 2761 363 2837 Dei,
391 2780 449 2838 pro
479 2762 610 2823 caelesti
634 2762 695 2822 ista
726 2772 758 2822 et
779 2780 850 2838 per-

91 2869 192 2937 petua
208 2860 447 2936 benedictione,
470 2878 533 2937 qua
547 2860 741 2920 benedixisti
759 2877 850 2920 sanc-

91 2957 254 3018 tissimam
271 2971 407 3019 matrem
429 2969 518 3019 tuam
541 2968 573 3019 et
588 2976 704 3018 omnes
719 2968 886 3021 sanctosas

91 3056 259 3130 apostolos
278 3065 352 3117 tuos
375 3066 406 3116 et
428 3066 555 3116 ceteros
575 3058 754 3134 discipulos
775 3066 849 3116 tuos

91 3153 127 3212 in
168 3155 288 3214 montis
320 3155 431 3215 oliveti
468 3155 591 3215 vertice
627 3161 849 3231 congregatos,

91 3250 147 3310 ubi
171 3260 331 3312 steterunt
356 3253 457 3328 pedes
485 3253 549 3327 tui,
580 3261 612 3311 et
639 3269 697 3327 pro
726 3267 849 3310 memo·

90 3349 163 3409 riali
186 3349 329 3410 nominis
350 3350 396 3410 tui
427 3350 586 3427 reliquisti
610 3368 701 3410 sacra
729 3349 848 3426 pedum

88 3457 221 3507 tuorum
251 3447 406 3525 vestigia,
438 3458 472 3508 ut
503 3449 624 3523 fertur,
655 3457 760 3507 terrae
790 3447 885 3510 im-ao

90 3561 215 3620 pressa.

451 3650 493 3692 aaa
699 3649 742 3690 n·
