2118 4180
6 779 41 828 Γ

6 947 11 994 l

6 1007 11 1048 l

6 1119 15 1152 t

190 1079 227 1138 ln
256 1077 320 1136 hoc
348 1074 431 1135 libro
460 1072 684 1134 continentur:

56 1256 284 1317 Tractatus
320 1250 415 1326 duo,
457 1265 632 1326 quorum
673 1257 816 1326 partes

175 1360 214 1412 et
243 1349 432 1427 capitula
459 1356 556 1409 sunt
584 1348 702 1408 haec:

122 1495 327 1556 Tnncrnrvs
349 1506 489 1552 rmoms
512 1492 603 1551 Pnns
625 1505 747 1552 amon:

61 1632 110 1690 De
146 1629 215 1689 vita
250 1635 282 1688 et
322 1625 494 1687 beneficiis
529 1624 706 1686 Salvatoris
742 1625 817 1686 lesu

61 1725 189 1790 Christi
220 1722 451 1785 devotissimae
483 1721 712 1783 meditationes
742 1738 816 1782 cum

271 1821 447 1898 gratiarum
469 1820 607 1881 actione.
765 1896 782 1939 P

784 1910 818 1950 ag.

61 1973 210 2017 Praelatio
232 1999 738 2014 .........
805 1967 820 2008 3

59 2079 195 2135 Capitulum
211 2078 229 2122 i.
257 2078 372 2132 incipiunt
391 2077 483 2120 devotae
501 2077 621 2129 gratiarum
640 2077 739 2118 actiones

113 2152 141 2194 de
163 2157 209 2192 tota
226 2149 273 2192 vita
292 2147 423 2190 mediatoris
443 2146 485 2189 Dei
507 2153 529 2188 et
550 2145 668 2188 hominum
687 2145 739 2188 lesu

114 2221 215 2265 Christi,
243 2219 270 2262 Et
288 2221 363 2272 primo
385 2218 456 2260 oratio
471 2217 567 2259 multum
581 2219 699 2259 excitativa
713 2217 739 2258 ad

113 2292 254 2336 laudandum
270 2290 343 2332 Deum
359 2317 740 2332 .......

60 2363 120 2418 Cap.
136 2363 167 2406 ii.
194 2362 274 2405 Oratio
289 2361 316 2403 de
331 2361 442 2402 creatione
457 2360 524 2413 primi
541 2358 641 2400 hominis
655 2366 676 2400 et
690 2359 740 2400 eins

115 2433 241 2478 miserabili
257 2433 323 2487 lapsu
360 2459 741 2474 .......

61 2505 120 2560 Csp.
136 2505 179 2550 ill.
209 2506 242 2548 De
263 2504 405 2547 revocatione
426 2502 527 2544 hominis
545 2509 567 2544 et
587 2503 740 2554 promissione

114 2577 226 2619 adventus
241 2574 329 2618 Christi
359 2602 739 2616 .......

6 2635 7 2692 ἶ
63 2645 192 2701 Capilli.
226 2646 260 2688 De
284 2645 438 2698 redemptione
465 2643 557 2685 humani
585 2643 673 2695 generis
701 2654 741 2696 per

6 2707 7 2744 l
115 2719 180 2760 verbi
196 2718 304 2760 incarnati
320 2717 454 2771 mysterium
485 2745 740 2758 .....

64 2785 122 2842 Cap.
136 2787 165 2832 V.
194 2788 228 2830 De
249 2789 364 2830 nativitate
383 2799 408 2828 ac
427 2793 557 2839 paupertate
577 2785 668 2827 Domini
689 2785 741 2828 lesu
798 2786 823 2827 1³

64 2857 122 2913 Cap.
133 2859 173 2903 vi.
194 2860 227 2902 De
238 2859 390 2902 incommodis
400 2865 421 2901 et
431 2858 562 2910 indigentiis
572 2858 680 2910 pauperis
691 2855 742 2899 lesu
798 2857 824 2898 16

66 2928 124 2984 Cap.
138 2929 190 2974 Vll.
220 2930 253 2972 De
267 2930 381 2983 vagitibus
395 2928 489 2972 infantis
504 2928 556 2971 lesu
612 2959 617 2970 .
674 2959 680 2970 .
736 2959 742 2970 .
799 2927 824 2970 17

66 2997 123 3054 Cep.
139 2999 200 3043 viii.
230 2999 264 3042 De
279 2999 395 3042 lactatione
410 2999 532 3042 esurientia
547 2997 600 3040 lesu
673 3028 679 3040 .
735 3029 741 3040 .
799 2998 823 3039 ta

66 3068 123 3125 Cap.
139 3070 214 3114 viiii.
235 3070 269 3113 De
284 3071 390 3113 dolorosa
403 3071 577 3113 circumcisione
588 3069 680 3112 Domini
691 3069 743 3112 lesu
800 3070 825 3111 19

68 3140 124 3196 Cap.
140 3141 168 3186 X.
198 3142 232 3185 De
246 3143 392 3196 impositione
408 3141 518 3184 salutiferi
534 3125 634 3183 nominis
649 3140 701 3183 lesu
737 3171 742 3184 .
797 3141 821 3182 21

70 3210 125 3266 Cap.
140 3212 180 3256 xi.
209 3212 243 3255 De
258 3213 397 3267 apparitione
413 3211 464 3254 lesu
483 3219 505 3255 et
521 3213 601 3254 devota
615 3219 743 3253 sanctorum

122 3297 201 3337 regum
216 3285 327 3327 oblatione
365 3313 743 3326 .......
797 3283 825 3324 23

71 3352 126 3409 Cap.
141 3354 192 3398 xii.
221 3355 255 3397 De
273 3355 428 3410 purificatione
447 3355 522 3397 beatae
541 3354 624 3397 Mariae
642 3362 664 3398 et
682 3366 744 3409 prae·

119 3427 244 3469 sentatione
259 3424 312 3469 lesu

70 3493 124 3551 Csp.
139 3495 216 3558 xiii..
239 3496 272 3539 De
294 3497 450 3549 persecutione
473 3496 524 3538 lesu
544 3504 566 3538 et
584 3495 637 3548 iuga
654 3497 705 3538 eins
719 3497 743 3538 in

117 3565 824 3635 Aegyptum........-q³0

434 3646 452 3687 v
759 3617 822 3738 ji*
