2194 4180
121 589 258 633 meorum
281 571 314 632 in
337 571 534 632 sacrificium
557 571 662 632 laudis
688 581 864 648 perpetuae

121 687 172 747 per
192 688 308 731 manus
330 678 516 731 sanctorum
539 669 728 746 angelorum
758 678 866 729 custo·

121 767 269 828 dientium
293 768 504 844 sepulchrum
526 777 617 828 tuum
647 784 721 827 cum
751 784 866 844 magna

121 865 297 926 reverentia
318 875 351 926 et
372 867 508 940 honore,
532 874 567 925 ut
588 873 621 925 et
641 863 704 939 ipsi
727 862 867 924 fideliter

120 978 167 1021 me
188 961 371 1022 custodiant
392 961 444 1022 die
467 980 504 1022 ac
526 972 622 1023 nocte
651 961 689 1020 ab
714 960 889 1023 omnibuss

35 1083 37 1088 s
85 1097 87 1102 ,
119 1058 268 1134 periculis
289 1059 436 1136 corporis
458 1070 490 1122 et
511 1060 648 1122 animae.

156 1153 233 1216 hsta
254 1163 286 1216 et
307 1163 341 1216 tu
373 1157 470 1234 mihi,
502 1158 660 1232 Domine,
690 1155 866 1233 praecipue

118 1253 270 1314 orationis
295 1263 460 1331 tempore,
487 1273 529 1316 ne
557 1255 685 1332 evagari
715 1253 867 1330 incipiam

118 1351 408 1429 circumspiciendo
450 1362 482 1413 et
521 1370 604 1413 vana
645 1354 869 1428 phantasmata

117 1449 199 1510 inira
225 1449 335 1509 divina
356 1449 517 1510 versando
546 1458 578 1509 et
606 1457 638 1509 te
666 1448 868 1526 neglegendo
880 1472 905 1512 ro

116 1547 150 1607 in
171 1548 242 1607 loco
267 1556 389 1607 sancto.
431 1546 493 1607 Vbi
526 1546 712 1607 omnimode
742 1554 869 1621 oportet

39 1696 41 1706 ,
116 1662 169 1706 me
190 1662 264 1705 cum
286 1661 403 1720 magna
417 1644 601 1705 reverentia
622 1653 654 1704 et
669 1643 871 1704 advertentia

116 1742 271 1803 assistere
296 1741 400 1802 vultui
431 1742 553 1818 gloriae
583 1751 675 1817 tuae,
705 1750 869 1817 tamquam

115 1840 253 1916 supplex
273 1848 382 1899 orator
397 1848 507 1914 raptus
523 1839 561 1899 ad
584 1840 709 1899 caelum
733 1848 765 1899 et
786 1855 870 1915 quae

116 1937 151 1997 in
173 1937 295 1997 mundo
317 1945 394 1996 sunt
415 1935 536 1996 oblitus
566 1946 698 2013 propter
719 1946 775 2011 te,
803 1953 907 2003 om·15

116 2032 196 2092 nino
218 2031 275 2092 tibi
298 2033 410 2093 unitus
438 2050 497 2110 pro
526 2050 624 2109 posse
653 2035 751 2094 corde
779 2051 871 2111 puro.

117 2129 208 2207 Quid
230 2129 317 2190 enim
349 2139 425 2190 sunt
455 2131 565 2191 omnia
595 2132 655 2191 sub
687 2132 777 2191 caelo
808 2130 871 2190 nisi

114 2227 244 2288 vanitas
272 2229 477 2289 vanitatum?
525 2229 612 2289 Vere
645 2229 679 2289 in
709 2242 873 2306 compara·

114 2326 207 2387 tione
243 2326 433 2387 caelestium
475 2325 666 2403 gaudiorum
709 2335 872 2403 tamquam

114 2423 258 2485 nihilum
281 2434 355 2483 ante
371 2433 402 2483 te
418 2441 515 2484 omne
531 2423 651 2484 festum
667 2423 790 2484 mundi.
824 2424 909 2484 Daao

114 2539 196 2598 ergo
219 2520 310 2595 mihi,
333 2521 425 2581 Deus
440 2538 545 2596 meus,
567 2522 756 2598 angelorum
772 2522 873 2582 decus

112 2629 149 2680 et
172 2617 285 2696 gloria,
316 2635 455 2693 pensare
477 2619 605 2695 singula
626 2620 726 2680 verba
747 2628 779 2679 et
801 2636 874 2679 sen·

112 2735 192 2778 sum
222 2717 423 2793 psalmorum
453 2725 484 2776 et
513 2716 649 2776 aliorum
674 2716 873 2777 canticorum

111 2825 148 2876 et
172 2816 382 2891 hymnorum,
404 2813 458 2890 qui
481 2813 514 2873 in
537 2813 678 2874 ecclesia
705 2823 875 2875 cantantur

110 2922 147 2973 et
173 2912 343 2987 leguntur,
374 2921 530 2989 quantum
560 2913 732 2988 praevaleo
758 2929 911 2990 capereas

109 3019 147 3070 et
173 3008 364 3085 intellegere
387 3008 420 3068 in
449 3018 533 3069 statu
563 3009 744 3086 fragilitatis
773 3024 875 3083 meae,

109 3106 226 3166 donec
262 3105 302 3166 ad
337 3114 369 3166 te
400 3106 589 3181 perveniam
621 3107 728 3167 lucem
764 3123 874 3167 veram

109 3204 276 3266 tenebras
306 3220 397 3263 meas
428 3204 666 3265 illuminantem
698 3212 730 3264 et
761 3220 876 3264 omnes

108 3302 212 3363 cives
241 3301 393 3362 caelestis
422 3301 600 3362 Ierusalem
630 3317 759 3361 summe
787 3301 876 3362 laeti·

108 3401 282 3462 licentem.
325 3399 447 3477 hccipe
469 3417 600 3477 quoque
623 3399 657 3460 in
678 3401 741 3460 hoc
763 3410 912 3466 sanctoao

106 3515 256 3576 magnae
293 3497 479 3558 festivitatis
514 3497 567 3558 die
602 3515 660 3575 pro
701 3497 876 3574 unguentis

479 3603 521 3645 aas
