2118 4180
258 1511 531 1590 [cnrrrvnvn
556 1513 591 1590 1.]

112 1699 155 1760 De
177 1698 363 1760 venditione
382 1697 454 1757 Iesu
477 1713 498 1756 o
518 1696 642 1773 panicio
666 1696 746 1756 ludo

347 1811 509 1872 traditore.

114 1990 215 2144 Q*
238 1987 437 2051 ENEDICO
463 1995 495 2048 et
516 1987 635 2065 gratias
656 2003 715 2064 ago
737 1985 805 2061 tibi,

64 1980 229 2350 Q}
258 2086 399 2148 Domine
422 2087 497 2146 lesu
513 2085 658 2161 Christe,
679 2098 830 2145 summas

68 2171 92 2330 6
116 2151 199 2332 Q
258 2184 386 2246 bonitas
418 2191 451 2244 et
482 2191 614 2244 aeterna
643 2182 808 2257 maiestas,

187 2281 234 2360 A
258 2299 317 2358 pro
338 2291 393 2342 tua
410 2282 531 2342 iniusta
545 2280 734 2342 venditione
748 2295 807 2355 pro

63 2387 118 2440 tam
138 2380 193 2441 vili
215 2389 249 2441 et
269 2379 397 2440 modico
419 2379 542 2456 pretio,
568 2396 632 2458 quo
654 2376 807 2439 venditus

64 2475 143 2538 fuisti
180 2477 311 2555 triginta
347 2478 510 2554 argenteis
547 2496 566 2538 a
600 2475 731 2553 proprio
762 2474 808 2535 di-

64 2575 187 2652 scipulo.
820 2587 845 2629 ro

98 2673 202 2735 Laudo
231 2681 264 2734 et
284 2671 466 2733 honorifico
487 2682 519 2734 te
541 2689 600 2749 pro
628 2680 684 2732 tua
706 2669 809 2730 mitis-

65 2770 137 2832 sima
162 2771 355 2833 sufferentia
381 2770 496 2848 perfidi
525 2768 695 2846 discipuli,
722 2767 809 2844 quod

65 2869 211 2930 adversus
239 2885 314 2930 eum
343 2885 409 2929 non
438 2885 475 2928 es
497 2875 680 2927 commotus
701 2881 810 2941 neque

66 2964 167 3026 durius
187 2967 330 3041 locutus,
352 2965 410 3026 sed
432 2981 539 3042 neque
566 2963 638 3023 aliis
660 2962 733 3022 eius
754 2978 810 3021 ne·

67 3062 172 3137 quitias
194 3061 302 3123 statim
328 3061 477 3123 indicasti
500 3078 562 3122 nec
583 3067 657 3137 post
685 3066 809 3120 tantum
823 3079 847 3119 15

67 3157 181 3220 facinus
209 3159 248 3220 ab
277 3158 387 3220 officio
412 3167 445 3220 et
466 3176 559 3219 sacra
579 3155 811 3217 communione

67 3272 131 3318 eum
160 3257 379 3336 suspendisti,
409 3256 485 3318 licet
514 3256 622 3332 ipsum
654 3254 694 3315 ad
722 3262 810 3314 tuam

67 3357 260 3418 traditionem
283 3355 438 3416 festinare
459 3351 762 3431 praecognovisses.

102 3451 128 3514 0
148 3454 413 3515 mansuetissime
429 3454 569 3514 Domine
586 3453 671 3526 Iesu,
693 3458 812 3527 quanta

68 3559 111 3609 est
129 3552 281 3627 patientia
302 3560 358 3613 tua
378 3561 410 3612 et
432 3551 633 3628 impatientia
653 3564 735 3607 mea.
821 3567 848 3608 ao

418 3653 445 3697 sr
