<?xml version="1.0" encoding="UTF-8"?>
<!DOCTYPE html PUBLIC "-//W3C//DTD XHTML 1.0 Transitional//EN"
    "http://www.w3.org/TR/xhtml1/DTD/xhtml1-transitional.dtd">
<html xmlns="http://www.w3.org/1999/xhtml" xml:lang="en" lang="en">
 <head>
  <title>
</title>
<meta http-equiv="Content-Type" content="text/html;charset=utf-8" />
  <meta name='ocr-system' content='tesseract 3.04.00' />
  <meta name='ocr-capabilities' content='ocr_page ocr_carea ocr_par ocr_line ocrx_word'/>
</head>
<body>
  <div class='ocr_page' id='page_1' title='image "./thomaehemerkena02pohlgoog_0023.png"; bbox 0 0 2118 4180; ppageno 0'>
   <div class='ocr_carea' id='block_1_1' title="bbox 587 506 664 550">
    <p class='ocr_par' dir='ltr' id='par_1_1' title="bbox 587 506 664 550">
     <span class='ocr_line' id='line_1_1' title="bbox 587 506 664 550; baseline 0.026 -2"><span class='ocrx_word' id='word_1_1' title='bbox 587 506 664 550; x_wconf 85' lang='lat' dir='ltr'>lodex.</span> 
     </span>
    </p>
   </div>
   <div class='ocr_carea' id='block_1_2' title="bbox 248 617 1006 1000">
    <p class='ocr_par' dir='ltr' id='par_1_2' title="bbox 949 617 1003 672">
     <span class='ocr_line' id='line_1_2' title="bbox 949 617 1003 672; baseline 0.056 -13"><span class='ocrx_word' id='word_1_2' title='bbox 949 617 1003 672; x_wconf 80' lang='lat' dir='ltr'><strong>Pag.</strong></span> 
     </span>
    </p>

    <p class='ocr_par' dir='ltr' id='par_1_3' title="bbox 249 686 1001 814">
     <span class='ocr_line' id='line_1_3' title="bbox 249 686 1001 741; baseline 0.003 -11"><span class='ocrx_word' id='word_1_3' title='bbox 249 687 307 741; x_wconf 88' lang='lat' dir='ltr'>Cap.</span> <span class='ocrx_word' id='word_1_4' title='bbox 322 686 423 737; x_wconf 85' lang='lat' dir='ltr'>XXXlll.</span> <span class='ocrx_word' id='word_1_5' title='bbox 452 687 571 740; x_wconf 90' lang='lat' dir='ltr'>Depositio</span> <span class='ocrx_word' id='word_1_6' title='bbox 587 686 679 729; x_wconf 90' lang='lat' dir='ltr'>Domini</span> <span class='ocrx_word' id='word_1_7' title='bbox 697 687 748 730; x_wconf 89' lang='lat' dir='ltr'>lesu</span> <span class='ocrx_word' id='word_1_8' title='bbox 763 688 790 730; x_wconf 90' lang='lat' dir='ltr'>de</span> <span class='ocrx_word' id='word_1_9' title='bbox 804 700 870 730; x_wconf 85' lang='lat' dir='ltr'>cruce</span> <span class='ocrx_word' id='word_1_10' title='bbox 900 721 906 732; x_wconf 92' lang='lat'><strong>.</strong></span> <span class='ocrx_word' id='word_1_11' title='bbox 962 691 1001 732; x_wconf 77' lang='lat'>201</span> 
     </span>
     <span class='ocr_line' id='line_1_4' title="bbox 249 756 908 814; baseline 0 -12"><span class='ocrx_word' id='word_1_12' title='bbox 249 759 307 814; x_wconf 84' lang='lat' dir='ltr'>Csp.</span> <span class='ocrx_word' id='word_1_13' title='bbox 322 757 435 801; x_wconf 87' lang='lat' dir='ltr'>XXXllll.</span> <span class='ocrx_word' id='word_1_14' title='bbox 463 756 585 800; x_wconf 71' lang='lat' dir='ltr'>Orationes</span> <span class='ocrx_word' id='word_1_15' title='bbox 600 759 627 800; x_wconf 84' lang='lat' dir='ltr'>ad</span> <span class='ocrx_word' id='word_1_16' title='bbox 643 760 743 801; x_wconf 89' lang='lat' dir='ltr'>membra</span> <span class='ocrx_word' id='word_1_17' title='bbox 758 758 854 808; x_wconf 87' lang='lat' dir='ltr'>Chrlstl</span> <span class='ocrx_word' id='word_1_18' title='bbox 882 759 908 802; x_wconf 84' lang='lat' dir='ltr'>Et</span> 
     </span>
    </p>

    <p class='ocr_par' dir='ltr' id='par_1_4' title="bbox 301 829 1005 884">
     <span class='ocr_line' id='line_1_5' title="bbox 301 829 1005 884; baseline 0 -12"><span class='ocrx_word' id='word_1_19' title='bbox 301 831 375 884; x_wconf 83' lang='lat' dir='ltr'>primo</span> <span class='ocrx_word' id='word_1_20' title='bbox 389 829 416 870; x_wconf 87' lang='lat' dir='ltr'>ad</span> <span class='ocrx_word' id='word_1_21' title='bbox 431 829 502 881; x_wconf 88' lang='lat' dir='ltr'>pedes</span> <span class='ocrx_word' id='word_1_22' title='bbox 526 859 906 873; x_wconf 90' lang='grc'><strong>.......</strong></span> <span class='ocrx_word' id='word_1_23' title='bbox 962 831 1005 872; x_wconf 71' lang='lat' dir='ltr'>ml</span> 
     </span>
    </p>

    <p class='ocr_par' dir='ltr' id='par_1_5' title="bbox 248 874 1006 1000">
     <span class='ocr_line' id='line_1_6' title="bbox 248 874 1006 1000; baseline 0 -56"><span class='ocrx_word' id='word_1_24' title='bbox 248 901 306 1000; x_wconf 84' lang='lat' dir='ltr'>Csp.</span> <span class='ocrx_word' id='word_1_25' title='bbox 321 899 406 944; x_wconf 86' lang='lat' dir='ltr'><strong>XXXV.</strong></span> <span class='ocrx_word' id='word_1_26' title='bbox 427 900 460 942; x_wconf 93' lang='lat' dir='ltr'>De</span> <span class='ocrx_word' id='word_1_27' title='bbox 475 901 602 943; x_wconf 79' lang='lat' dir='ltr'>venerenda</span> <span class='ocrx_word' id='word_1_28' title='bbox 615 900 732 954; x_wconf 73' lang='lat' dir='ltr'>sepultura</span> <span class='ocrx_word' id='word_1_29' title='bbox 747 901 839 943; x_wconf 82' lang='lat' dir='ltr'>Domini</span> <span class='ocrx_word' id='word_1_30' title='bbox 856 874 907 944; x_wconf 83' lang='lat' dir='ltr'>lesu</span> <span class='ocrx_word' id='word_1_31' title='bbox 962 901 1006 944; x_wconf 80' lang='grc'>209</span> 
     </span>
    </p>
   </div>
   <div class='ocr_carea' id='block_1_3' title="bbox 248 1070 1005 1247">
    <p class='ocr_par' dir='ltr' id='par_1_6' title="bbox 248 1070 1005 1247">
     <span class='ocr_line' id='line_1_7' title="bbox 248 1070 1005 1134; baseline 0.001 -2"><span class='ocrx_word' id='word_1_32' title='bbox 248 1070 470 1133; x_wconf 87' lang='lat' dir='ltr'>Tractatus</span> <span class='ocrx_word' id='word_1_33' title='bbox 492 1072 602 1133; x_wconf 87' lang='lat' dir='ltr'>alter</span> <span class='ocrx_word' id='word_1_34' title='bbox 623 1071 670 1133; x_wconf 90' lang='lat' dir='ltr'>de</span> <span class='ocrx_word' id='word_1_35' title='bbox 693 1071 1005 1134; x_wconf 87' lang='lat' dir='ltr'>resurrectione</span> 
     </span>
     <span class='ocr_line' id='line_1_8' title="bbox 249 1169 1004 1247; baseline 0.003 -16"><span class='ocrx_word' id='word_1_36' title='bbox 249 1171 468 1236; x_wconf 85' lang='lat' dir='ltr'>orationes</span> <span class='ocrx_word' id='word_1_37' title='bbox 489 1170 530 1230; x_wconf 90' lang='lat' dir='ltr'>in</span> <span class='ocrx_word' id='word_1_38' title='bbox 552 1169 653 1231; x_wconf 86' lang='lat' dir='ltr'>duas</span> <span class='ocrx_word' id='word_1_39' title='bbox 681 1179 824 1247; x_wconf 87' lang='lat' dir='ltr'>partes</span> <span class='ocrx_word' id='word_1_40' title='bbox 848 1180 1004 1233; x_wconf 79' lang='lat' dir='ltr'>sectae.</span> 
     </span>
    </p>
   </div>
   <div class='ocr_carea' id='block_1_4' title="bbox 307 1301 948 1385">
    <p class='ocr_par' dir='ltr' id='par_1_7' title="bbox 307 1301 948 1385">
     <span class='ocr_line' id='line_1_9' title="bbox 307 1301 948 1385; baseline 0.002 -2"><span class='ocrx_word' id='word_1_41' title='bbox 307 1301 510 1384; x_wconf 32' lang='lat' dir='ltr'>Tnncrnrvs*</span> <span class='ocrx_word' id='word_1_42' title='bbox 529 1335 694 1382; x_wconf 77' lang='lat' dir='ltr'>nnrnnws</span> <span class='ocrx_word' id='word_1_43' title='bbox 716 1336 802 1383; x_wconf 82' lang='lat' dir='ltr'>rnns</span> <span class='ocrx_word' id='word_1_44' title='bbox 824 1338 948 1385; x_wconf 76' lang='lat' dir='ltr'>Pitlolt:</span> 
     </span>
    </p>
   </div>
   <div class='ocr_carea' id='block_1_5' title="bbox 250 1454 1005 1615">
    <p class='ocr_par' dir='ltr' id='par_1_8' title="bbox 250 1454 1005 1615">
     <span class='ocr_line' id='line_1_10' title="bbox 250 1454 1005 1535; baseline 0.004 -17"><span class='ocrx_word' id='word_1_45' title='bbox 250 1459 300 1518; x_wconf 89' lang='lat' dir='ltr'>De</span> <span class='ocrx_word' id='word_1_46' title='bbox 331 1454 572 1518; x_wconf 89' lang='lat' dir='ltr'>resurrectione</span> <span class='ocrx_word' id='word_1_47' title='bbox 605 1454 730 1517; x_wconf 87' lang='lat' dir='ltr'><strong>Christi</strong></span> <span class='ocrx_word' id='word_1_48' title='bbox 764 1466 797 1519; x_wconf 89' lang='lat' dir='ltr'>et</span> <span class='ocrx_word' id='word_1_49' title='bbox 831 1458 1005 1535; x_wconf 84' lang='lat' dir='ltr'>apparitio·</span> 
     </span>
     <span class='ocr_line' id='line_1_11' title="bbox 524 1553 726 1615; baseline 0.01 -2"><span class='ocrx_word' id='word_1_50' title='bbox 524 1553 622 1614; x_wconf 87' lang='lat' dir='ltr'>nibus</span> <span class='ocrx_word' id='word_1_51' title='bbox 643 1553 726 1615; x_wconf 89' lang='lat' dir='ltr'>eius.</span> 
     </span>
    </p>
   </div>
   <div class='ocr_carea' id='block_1_6' title="bbox 248 1661 908 1804">
    <p class='ocr_par' dir='ltr' id='par_1_9' title="bbox 248 1661 908 1804">
     <span class='ocr_line' id='line_1_12' title="bbox 248 1661 908 1742; baseline 0.002 -11"><span class='ocrx_word' id='word_1_52' title='bbox 248 1687 307 1742; x_wconf 92' lang='lat' dir='ltr'>Cap.</span> <span class='ocrx_word' id='word_1_53' title='bbox 318 1686 336 1730; x_wconf 95' lang='lat' dir='ltr'>l.</span> <span class='ocrx_word' id='word_1_54' title='bbox 352 1687 385 1730; x_wconf 88' lang='lat' dir='ltr'>De</span> <span class='ocrx_word' id='word_1_55' title='bbox 394 1687 585 1730; x_wconf 88' lang='lat' dir='ltr'>victoriosissimo</span> <span class='ocrx_word' id='word_1_56' title='bbox 594 1686 709 1740; x_wconf 87' lang='lat' dir='ltr'>triumpho</span> <span class='ocrx_word' id='word_1_57' title='bbox 720 1689 800 1730; x_wconf 86' lang='lat' dir='ltr'>mortis</span> <span class='ocrx_word' id='word_1_58' title='bbox 810 1690 832 1730; x_wconf 90' lang='lat' dir='ltr'>in</span> <span class='ocrx_word' id='word_1_59' title='bbox 843 1661 908 1732; x_wconf 84' lang='lat' dir='ltr'>cruce</span> 
     </span>
     <span class='ocr_line' id='line_1_13' title="bbox 303 1755 907 1804; baseline 0.003 -3"><span class='ocrx_word' id='word_1_60' title='bbox 303 1759 395 1802; x_wconf 80' lang='lat' dir='ltr'>Domini</span> <span class='ocrx_word' id='word_1_61' title='bbox 417 1758 488 1801; x_wconf 79' lang='lat' dir='ltr'>nostri</span> <span class='ocrx_word' id='word_1_62' title='bbox 511 1756 562 1800; x_wconf 93' lang='lat' dir='ltr'>lesu</span> <span class='ocrx_word' id='word_1_63' title='bbox 581 1755 670 1799; x_wconf 82' lang='lat' dir='ltr'>Christi</span> <span class='ocrx_word' id='word_1_64' title='bbox 692 1766 713 1801; x_wconf 90' lang='lat' dir='ltr'>et</span> <span class='ocrx_word' id='word_1_65' title='bbox 734 1760 761 1801; x_wconf 90' lang='lat' dir='ltr'>de</span> <span class='ocrx_word' id='word_1_66' title='bbox 782 1759 907 1804; x_wconf 77' lang='lat' dir='ltr'>laetissIma</span> 
     </span>
    </p>
   </div>
   <div class='ocr_carea' id='block_1_7' title="bbox 249 1827 908 2101">
    <p class='ocr_par' dir='ltr' id='par_1_10' title="bbox 249 1827 907 2101">
     <span class='ocr_line' id='line_1_14' title="bbox 302 1827 907 1881; baseline -0.007 -8"><span class='ocrx_word' id='word_1_67' title='bbox 302 1831 465 1877; x_wconf 87' lang='lat' dir='ltr'>resurrectione</span> <span class='ocrx_word' id='word_1_68' title='bbox 479 1829 530 1870; x_wconf 89' lang='lat' dir='ltr'>elus</span> <span class='ocrx_word' id='word_1_69' title='bbox 545 1828 572 1870; x_wconf 90' lang='lat' dir='ltr'>de</span> <span class='ocrx_word' id='word_1_70' title='bbox 587 1827 708 1881; x_wconf 87' lang='lat' dir='ltr'>sepulchro</span> <span class='ocrx_word' id='word_1_71' title='bbox 776 1860 783 1872; x_wconf 95' lang='lat'><strong>.</strong></span> <span class='ocrx_word' id='word_1_72' title='bbox 839 1861 845 1873; x_wconf 93' lang='lat'><strong>.</strong></span> <span class='ocrx_word' id='word_1_73' title='bbox 901 1862 907 1874; x_wconf 87' lang='lat'><strong>.</strong></span> 
     </span>
     <span class='ocr_line' id='line_1_15' title="bbox 249 1901 906 1958; baseline -0.003 -12"><span class='ocrx_word' id='word_1_74' title='bbox 249 1903 307 1958; x_wconf 80' lang='lat' dir='ltr'>Cap.</span> <span class='ocrx_word' id='word_1_75' title='bbox 323 1902 352 1946; x_wconf 92' lang='lat' dir='ltr'>ll.</span> <span class='ocrx_word' id='word_1_76' title='bbox 386 1902 420 1944; x_wconf 92' lang='lat' dir='ltr'>De</span> <span class='ocrx_word' id='word_1_77' title='bbox 443 1902 523 1944; x_wconf 90' lang='lat' dir='ltr'>devota</span> <span class='ocrx_word' id='word_1_78' title='bbox 546 1901 674 1942; x_wconf 88' lang='lat' dir='ltr'>visitatione</span> <span class='ocrx_word' id='word_1_79' title='bbox 698 1902 768 1943; x_wconf 80' lang='lat' dir='ltr'>sancti</span> <span class='ocrx_word' id='word_1_80' title='bbox 793 1901 906 1955; x_wconf 79' lang='lat' dir='ltr'>sepulchri</span> 
     </span>
     <span class='ocr_line' id='line_1_16' title="bbox 304 1971 906 2018; baseline -0.002 -1"><span class='ocrx_word' id='word_1_81' title='bbox 304 1976 395 2018; x_wconf 88' lang='lat' dir='ltr'>Domini</span> <span class='ocrx_word' id='word_1_82' title='bbox 411 1976 482 2016; x_wconf 88' lang='lat' dir='ltr'>nostri</span> <span class='ocrx_word' id='word_1_83' title='bbox 498 1972 549 2015; x_wconf 87' lang='lat' dir='ltr'>lesu</span> <span class='ocrx_word' id='word_1_84' title='bbox 565 1971 653 2014; x_wconf 89' lang='lat' dir='ltr'>Christi</span> <span class='ocrx_word' id='word_1_85' title='bbox 714 2003 720 2014; x_wconf 96' lang='lat'><strong>.</strong></span> <span class='ocrx_word' id='word_1_86' title='bbox 776 2004 782 2016; x_wconf 93' lang='lat'><strong>.</strong></span> <span class='ocrx_word' id='word_1_87' title='bbox 900 2005 906 2016; x_wconf 93' lang='lat'><strong>.</strong></span> 
     </span>
     <span class='ocr_line' id='line_1_17' title="bbox 249 2044 908 2101; baseline -0.003 -11"><span class='ocrx_word' id='word_1_88' title='bbox 249 2047 307 2101; x_wconf 85' lang='lat' dir='ltr'>Cap.</span> <span class='ocrx_word' id='word_1_89' title='bbox 324 2046 364 2090; x_wconf 91' lang='lat' dir='ltr'>lll.</span> <span class='ocrx_word' id='word_1_90' title='bbox 385 2046 418 2089; x_wconf 93' lang='lat' dir='ltr'>De</span> <span class='ocrx_word' id='word_1_91' title='bbox 434 2047 572 2099; x_wconf 75' lang='lat' dir='ltr'>apparitione</span> <span class='ocrx_word' id='word_1_92' title='bbox 583 2044 635 2087; x_wconf 88' lang='lat' dir='ltr'>lesu</span> <span class='ocrx_word' id='word_1_93' title='bbox 650 2057 725 2087; x_wconf 81' lang='lat' dir='ltr'>eoram</span> <span class='ocrx_word' id='word_1_94' title='bbox 737 2044 808 2086; x_wconf 84' lang='lat' dir='ltr'>hlarra</span> <span class='ocrx_word' id='word_1_95' title='bbox 820 2045 908 2098; x_wconf 79' lang='lat' dir='ltr'>Magda</span> 
     </span>
    </p>
   </div>
   <div class='ocr_carea' id='block_1_8' title="bbox 168 2117 911 3662">
    <p class='ocr_par' dir='ltr' id='par_1_11' title="bbox 168 2117 911 3662">
     <span class='ocr_line' id='line_1_18' title="bbox 302 2117 906 2171; baseline 0 -11"><span class='ocrx_word' id='word_1_96' title='bbox 302 2118 352 2160; x_wconf 89' lang='lat' dir='ltr'>lena</span> <span class='ocrx_word' id='word_1_97' title='bbox 366 2118 389 2159; x_wconf 91' lang='lat' dir='ltr'>in</span> <span class='ocrx_word' id='word_1_98' title='bbox 404 2119 479 2171; x_wconf 90' lang='lat' dir='ltr'>specie</span> <span class='ocrx_word' id='word_1_99' title='bbox 494 2117 606 2159; x_wconf 89' lang='lat' dir='ltr'>hortulani</span> <span class='ocrx_word' id='word_1_100' title='bbox 652 2147 906 2160; x_wconf 88' lang='grc'><strong>.....</strong></span> 
     </span>
     <span class='ocr_line' id='line_1_19' title="bbox 249 2189 908 2243; baseline -0.003 -11"><span class='ocrx_word' id='word_1_101' title='bbox 249 2189 307 2243; x_wconf 83' lang='lat' dir='ltr'>Cep.</span> <span class='ocrx_word' id='word_1_102' title='bbox 323 2189 376 2233; x_wconf 95' lang='lat' dir='ltr'>llll.</span> <span class='ocrx_word' id='word_1_103' title='bbox 406 2189 439 2232; x_wconf 96' lang='lat' dir='ltr'>De</span> <span class='ocrx_word' id='word_1_104' title='bbox 461 2191 548 2242; x_wconf 81' lang='lat' dir='ltr'>magnis</span> <span class='ocrx_word' id='word_1_105' title='bbox 570 2189 657 2231; x_wconf 88' lang='lat' dir='ltr'>meritis</span> <span class='ocrx_word' id='word_1_106' title='bbox 676 2196 697 2231; x_wconf 97' lang='lat' dir='ltr'>et</span> <span class='ocrx_word' id='word_1_107' title='bbox 716 2189 842 2242; x_wconf 87' lang='lat' dir='ltr'>privilegiis</span> <span class='ocrx_word' id='word_1_108' title='bbox 860 2200 908 2241; x_wconf 75' lang='lat' dir='ltr'>grs-</span> 
     </span>
     <span class='ocr_line' id='line_1_20' title="bbox 302 2259 908 2312; baseline -0.002 -9"><span class='ocrx_word' id='word_1_109' title='bbox 302 2263 384 2303; x_wconf 82' lang='lat' dir='ltr'>tiarunn</span> <span class='ocrx_word' id='word_1_110' title='bbox 399 2261 474 2302; x_wconf 85' lang='lat' dir='ltr'>beatae</span> <span class='ocrx_word' id='word_1_111' title='bbox 488 2259 572 2302; x_wconf 84' lang='lat' dir='ltr'>Mariae</span> <span class='ocrx_word' id='word_1_112' title='bbox 587 2259 729 2312; x_wconf 79' lang='lat' dir='ltr'>Magdalenae</span> <span class='ocrx_word' id='word_1_113' title='bbox 778 2289 783 2302; x_wconf 93' lang='lat'><strong>.</strong></span> <span class='ocrx_word' id='word_1_114' title='bbox 840 2290 846 2301; x_wconf 94' lang='lat'><strong>.</strong></span> <span class='ocrx_word' id='word_1_115' title='bbox 902 2289 908 2302; x_wconf 91' lang='lat'><strong>.</strong></span> 
     </span>
     <span class='ocr_line' id='line_1_21' title="bbox 168 2329 910 2386; baseline -0.005 -10"><span class='ocrx_word' id='word_1_116' title='bbox 168 2370 170 2376; x_wconf 71' lang='grc'>,</span> <span class='ocrx_word' id='word_1_117' title='bbox 249 2331 307 2386; x_wconf 89' lang='lat' dir='ltr'>Cap.</span> <span class='ocrx_word' id='word_1_118' title='bbox 322 2331 348 2375; x_wconf 91' lang='lat' dir='ltr'>V.</span> <span class='ocrx_word' id='word_1_119' title='bbox 378 2332 411 2374; x_wconf 94' lang='lat' dir='ltr'>De</span> <span class='ocrx_word' id='word_1_120' title='bbox 431 2344 511 2384; x_wconf 80' lang='lat' dir='ltr'>magna</span> <span class='ocrx_word' id='word_1_121' title='bbox 528 2331 699 2384; x_wconf 87' lang='lat' dir='ltr'>compunctione</span> <span class='ocrx_word' id='word_1_122' title='bbox 719 2338 807 2373; x_wconf 85' lang='lat' dir='ltr'>sanctee</span> <span class='ocrx_word' id='word_1_123' title='bbox 826 2329 910 2376; x_wconf 80' lang='lat' dir='ltr'>Mariae</span> 
     </span>
     <span class='ocr_line' id='line_1_22' title="bbox 304 2401 908 2456; baseline -0.002 -11"><span class='ocrx_word' id='word_1_124' title='bbox 304 2403 446 2456; x_wconf 78' lang='lat' dir='ltr'>Magdalense</span> <span class='ocrx_word' id='word_1_125' title='bbox 461 2404 484 2444; x_wconf 90' lang='lat' dir='ltr'>in</span> <span class='ocrx_word' id='word_1_126' title='bbox 499 2403 606 2456; x_wconf 78' lang='lat' dir='ltr'>passione</span> <span class='ocrx_word' id='word_1_127' title='bbox 622 2401 714 2443; x_wconf 87' lang='lat' dir='ltr'>Domini</span> <span class='ocrx_word' id='word_1_128' title='bbox 777 2431 783 2443; x_wconf 97' lang='lat'><strong>.</strong></span> <span class='ocrx_word' id='word_1_129' title='bbox 839 2431 845 2444; x_wconf 92' lang='lat'><strong>.</strong></span> <span class='ocrx_word' id='word_1_130' title='bbox 902 2431 908 2444; x_wconf 90' lang='lat'><strong>.</strong></span> 
     </span>
     <span class='ocr_line' id='line_1_23' title="bbox 250 2469 910 2528; baseline -0.003 -12"><span class='ocrx_word' id='word_1_131' title='bbox 250 2473 307 2528; x_wconf 80' lang='lat' dir='ltr'>Cap.</span> <span class='ocrx_word' id='word_1_132' title='bbox 323 2473 361 2517; x_wconf 87' lang='lat' dir='ltr'>Vl.</span> <span class='ocrx_word' id='word_1_133' title='bbox 390 2474 423 2516; x_wconf 93' lang='lat' dir='ltr'>De</span> <span class='ocrx_word' id='word_1_134' title='bbox 442 2473 499 2516; x_wconf 80' lang='lat' dir='ltr'>laeta</span> <span class='ocrx_word' id='word_1_135' title='bbox 517 2480 538 2516; x_wconf 94' lang='lat' dir='ltr'>et</span> <span class='ocrx_word' id='word_1_136' title='bbox 557 2474 595 2526; x_wconf 83' lang='lat' dir='ltr'>pia</span> <span class='ocrx_word' id='word_1_137' title='bbox 613 2473 752 2527; x_wconf 78' lang='lat' dir='ltr'>apparitione</span> <span class='ocrx_word' id='word_1_138' title='bbox 767 2469 855 2514; x_wconf 87' lang='lat' dir='ltr'>Christi</span> <span class='ocrx_word' id='word_1_139' title='bbox 871 2484 910 2516; x_wconf 65' lang='lat' dir='ltr'>,co-</span> 
     </span>
     <span class='ocr_line' id='line_1_24' title="bbox 276 2543 907 2588; baseline -0.005 0"><span class='ocrx_word' id='word_1_140' title='bbox 276 2558 323 2588; x_wconf 88' lang='lat' dir='ltr'>ram</span> <span class='ocrx_word' id='word_1_141' title='bbox 339 2553 408 2588; x_wconf 88' lang='lat' dir='ltr'>matre</span> <span class='ocrx_word' id='word_1_142' title='bbox 422 2557 464 2587; x_wconf 88' lang='lat' dir='ltr'>sua</span> <span class='ocrx_word' id='word_1_143' title='bbox 478 2546 501 2587; x_wconf 92' lang='lat' dir='ltr'>in</span> <span class='ocrx_word' id='word_1_144' title='bbox 516 2553 601 2587; x_wconf 87' lang='lat' dir='ltr'>secreto</span> <span class='ocrx_word' id='word_1_145' title='bbox 616 2543 719 2586; x_wconf 85' lang='lat' dir='ltr'>cubiculo</span> <span class='ocrx_word' id='word_1_146' title='bbox 734 2543 811 2585; x_wconf 86' lang='lat' dir='ltr'>clausa</span> <span class='ocrx_word' id='word_1_147' title='bbox 839 2572 845 2584; x_wconf 93' lang='lat'><strong>.</strong></span> <span class='ocrx_word' id='word_1_148' title='bbox 901 2572 907 2585; x_wconf 88' lang='lat'><strong>.</strong></span> 
     </span>
     <span class='ocr_line' id='line_1_25' title="bbox 250 2613 909 2671; baseline -0.008 -12"><span class='ocrx_word' id='word_1_149' title='bbox 250 2615 308 2671; x_wconf 92' lang='lat' dir='ltr'>Cap.</span> <span class='ocrx_word' id='word_1_150' title='bbox 323 2615 372 2659; x_wconf 92' lang='lat' dir='ltr'>Vll.</span> <span class='ocrx_word' id='word_1_151' title='bbox 406 2616 440 2658; x_wconf 92' lang='lat' dir='ltr'>De</span> <span class='ocrx_word' id='word_1_152' title='bbox 461 2616 600 2670; x_wconf 84' lang='lat' dir='ltr'>apparitione</span> <span class='ocrx_word' id='word_1_153' title='bbox 622 2613 710 2656; x_wconf 88' lang='lat' dir='ltr'>Christi</span> <span class='ocrx_word' id='word_1_154' title='bbox 734 2625 809 2655; x_wconf 88' lang='lat' dir='ltr'>eoram</span> <span class='ocrx_word' id='word_1_155' title='bbox 833 2620 909 2655; x_wconf 85' lang='lat' dir='ltr'>sancto</span> 
     </span>
     <span class='ocr_line' id='line_1_26' title="bbox 305 2687 910 2730; baseline -0.007 0"><span class='ocrx_word' id='word_1_156' title='bbox 305 2687 370 2730; x_wconf 86' lang='lat' dir='ltr'>Petro</span> <span class='ocrx_word' id='word_1_157' title='bbox 389 2689 412 2730; x_wconf 89' lang='lat' dir='ltr'>in</span> <span class='ocrx_word' id='word_1_158' title='bbox 431 2695 515 2730; x_wconf 84' lang='lat' dir='ltr'>secreto</span> <span class='ocrx_word' id='word_1_159' title='bbox 535 2695 556 2730; x_wconf 93' lang='lat' dir='ltr'>et</span> <span class='ocrx_word' id='word_1_160' title='bbox 575 2688 602 2730; x_wconf 90' lang='lat' dir='ltr'>de</span> <span class='ocrx_word' id='word_1_161' title='bbox 619 2699 688 2730; x_wconf 89' lang='lat' dir='ltr'>cursu</span> <span class='ocrx_word' id='word_1_162' title='bbox 702 2687 752 2729; x_wconf 89' lang='lat' dir='ltr'>eius</span> <span class='ocrx_word' id='word_1_163' title='bbox 767 2698 818 2728; x_wconf 89' lang='lat' dir='ltr'>cum</span> <span class='ocrx_word' id='word_1_164' title='bbox 833 2691 910 2728; x_wconf 88' lang='lat' dir='ltr'>sancto</span> 
     </span>
     <span class='ocr_line' id='line_1_27' title="bbox 304 2757 402 2801; baseline 0.01 -2"><span class='ocrx_word' id='word_1_165' title='bbox 304 2757 402 2801; x_wconf 74' lang='lat' dir='ltr'>iohanne</span> 
     </span>
     <span class='ocr_line' id='line_1_28' title="bbox 250 2827 910 2884; baseline -0.005 -13"><span class='ocrx_word' id='word_1_166' title='bbox 250 2827 308 2883; x_wconf 92' lang='lat' dir='ltr'>Cap.</span> <span class='ocrx_word' id='word_1_167' title='bbox 323 2828 385 2872; x_wconf 94' lang='lat' dir='ltr'>Vlll.</span> <span class='ocrx_word' id='word_1_168' title='bbox 413 2828 493 2872; x_wconf 83' lang='lat' dir='ltr'>Oretio</span> <span class='ocrx_word' id='word_1_169' title='bbox 508 2830 535 2872; x_wconf 83' lang='lat' dir='ltr'>ad</span> <span class='ocrx_word' id='word_1_170' title='bbox 550 2830 713 2884; x_wconf 75' lang='lat' dir='ltr'>impetrandam</span> <span class='ocrx_word' id='word_1_171' title='bbox 727 2840 740 2870; x_wconf 86' lang='lat' dir='ltr'>a</span> <span class='ocrx_word' id='word_1_172' title='bbox 755 2827 803 2871; x_wconf 92' lang='lat' dir='ltr'>Deo</span> <span class='ocrx_word' id='word_1_173' title='bbox 817 2828 910 2881; x_wconf 79' lang='lat' dir='ltr'>gratiam</span> 
     </span>
     <span class='ocr_line' id='line_1_29' title="bbox 304 2898 909 2943; baseline 0.002 -3"><span class='ocrx_word' id='word_1_174' title='bbox 304 2898 447 2942; x_wconf 88' lang='lat' dir='ltr'>lacrimarum</span> <span class='ocrx_word' id='word_1_175' title='bbox 467 2928 909 2943; x_wconf 92' lang='grc'><strong>........</strong></span> 
     </span>
     <span class='ocr_line' id='line_1_30' title="bbox 251 2967 911 3025; baseline 0 -14"><span class='ocrx_word' id='word_1_176' title='bbox 251 2967 309 3023; x_wconf 91' lang='lat' dir='ltr'>Cap.</span> <span class='ocrx_word' id='word_1_177' title='bbox 324 2969 396 3014; x_wconf 91' lang='lat' dir='ltr'>Vllll.</span> <span class='ocrx_word' id='word_1_178' title='bbox 426 2970 460 3014; x_wconf 90' lang='lat' dir='ltr'>De</span> <span class='ocrx_word' id='word_1_179' title='bbox 474 2972 569 3015; x_wconf 82' lang='lat' dir='ltr'>utilitete</span> <span class='ocrx_word' id='word_1_180' title='bbox 583 2979 605 3014; x_wconf 94' lang='lat' dir='ltr'>et</span> <span class='ocrx_word' id='word_1_181' title='bbox 620 2973 691 3025; x_wconf 80' lang='lat' dir='ltr'>gratie</span> <span class='ocrx_word' id='word_1_182' title='bbox 705 2978 832 3013; x_wconf 84' lang='lat' dir='ltr'>sanctarum</span> <span class='ocrx_word' id='word_1_183' title='bbox 847 2970 911 3012; x_wconf 84' lang='lat' dir='ltr'>leeri-</span> 
     </span>
     <span class='ocr_line' id='line_1_31' title="bbox 304 3053 391 3084; baseline 0.011 -1"><span class='ocrx_word' id='word_1_184' title='bbox 304 3053 391 3084; x_wconf 84' lang='lat' dir='ltr'>marum</span> 
     </span>
     <span class='ocr_line' id='line_1_32' title="bbox 251 3111 908 3166; baseline -0.003 -12"><span class='ocrx_word' id='word_1_185' title='bbox 251 3111 309 3166; x_wconf 83' lang='lat' dir='ltr'>Cep.</span> <span class='ocrx_word' id='word_1_186' title='bbox 324 3112 350 3156; x_wconf 92' lang='lat' dir='ltr'>X.</span> <span class='ocrx_word' id='word_1_187' title='bbox 380 3113 414 3155; x_wconf 89' lang='lat' dir='ltr'>De</span> <span class='ocrx_word' id='word_1_188' title='bbox 429 3113 528 3156; x_wconf 70' lang='lat' dir='ltr'>lacrimis</span> <span class='ocrx_word' id='word_1_189' title='bbox 544 3113 595 3155; x_wconf 88' lang='lat' dir='ltr'>lesu</span> <span class='ocrx_word' id='word_1_190' title='bbox 610 3125 680 3166; x_wconf 86' lang='lat' dir='ltr'>super</span> <span class='ocrx_word' id='word_1_191' title='bbox 696 3112 803 3154; x_wconf 86' lang='lat' dir='ltr'>Lazarum</span> <span class='ocrx_word' id='word_1_192' title='bbox 839 3141 845 3154; x_wconf 85' lang='grc'><strong>.</strong></span> <span class='ocrx_word' id='word_1_193' title='bbox 902 3140 908 3152; x_wconf 95' lang='grc'>.</span> 
     </span>
     <span class='ocr_line' id='line_1_33' title="bbox 251 3181 911 3238; baseline -0.006 -12"><span class='ocrx_word' id='word_1_194' title='bbox 251 3183 309 3238; x_wconf 92' lang='lat' dir='ltr'>Cap.</span> <span class='ocrx_word' id='word_1_195' title='bbox 324 3183 362 3226; x_wconf 93' lang='lat' dir='ltr'>Xl.</span> <span class='ocrx_word' id='word_1_196' title='bbox 392 3183 426 3226; x_wconf 95' lang='lat' dir='ltr'>De</span> <span class='ocrx_word' id='word_1_197' title='bbox 445 3184 584 3237; x_wconf 87' lang='lat' dir='ltr'>apparitione</span> <span class='ocrx_word' id='word_1_198' title='bbox 603 3181 691 3225; x_wconf 85' lang='lat' dir='ltr'>Christi</span> <span class='ocrx_word' id='word_1_199' title='bbox 716 3185 739 3225; x_wconf 89' lang='lat' dir='ltr'>in</span> <span class='ocrx_word' id='word_1_200' title='bbox 763 3183 839 3237; x_wconf 90' lang='lat' dir='ltr'>specle</span> <span class='ocrx_word' id='word_1_201' title='bbox 862 3192 911 3235; x_wconf 93' lang='lat' dir='ltr'>per·</span> 
     </span>
     <span class='ocr_line' id='line_1_34' title="bbox 304 3252 909 3308; baseline -0.003 -12"><span class='ocrx_word' id='word_1_202' title='bbox 304 3256 374 3308; x_wconf 83' lang='lat' dir='ltr'>egrini</span> <span class='ocrx_word' id='word_1_203' title='bbox 385 3252 909 3308; x_wconf 84' lang='lat' dir='ltr'>coramduobusdiscipuliseuntibusinEmaus</span> 
     </span>
     <span class='ocr_line' id='line_1_35' title="bbox 251 3323 909 3380; baseline -0.006 -12"><span class='ocrx_word' id='word_1_204' title='bbox 251 3324 309 3380; x_wconf 84' lang='lat' dir='ltr'>Cup.</span> <span class='ocrx_word' id='word_1_205' title='bbox 324 3325 374 3370; x_wconf 89' lang='lat' dir='ltr'>Xll.</span> <span class='ocrx_word' id='word_1_206' title='bbox 394 3326 428 3368; x_wconf 92' lang='lat' dir='ltr'>De</span> <span class='ocrx_word' id='word_1_207' title='bbox 442 3327 568 3379; x_wconf 78' lang='lat' dir='ltr'>cognitione</span> <span class='ocrx_word' id='word_1_208' title='bbox 578 3323 666 3368; x_wconf 90' lang='lat' dir='ltr'>Christi</span> <span class='ocrx_word' id='word_1_209' title='bbox 683 3327 705 3367; x_wconf 93' lang='lat' dir='ltr'>in</span> <span class='ocrx_word' id='word_1_210' title='bbox 721 3325 828 3368; x_wconf 87' lang='lat' dir='ltr'>iraetione</span> <span class='ocrx_word' id='word_1_211' title='bbox 843 3324 909 3378; x_wconf 86' lang='lat' dir='ltr'>panis</span> 
     </span>
     <span class='ocr_line' id='line_1_36' title="bbox 251 3394 909 3452; baseline -0.006 -12"><span class='ocrx_word' id='word_1_212' title='bbox 251 3396 309 3452; x_wconf 93' lang='lat' dir='ltr'>Cap.</span> <span class='ocrx_word' id='word_1_213' title='bbox 324 3396 386 3440; x_wconf 92' lang='lat' dir='ltr'>Xlll.</span> <span class='ocrx_word' id='word_1_214' title='bbox 406 3397 440 3439; x_wconf 92' lang='lat' dir='ltr'>De</span> <span class='ocrx_word' id='word_1_215' title='bbox 449 3397 589 3450; x_wconf 84' lang='lat' dir='ltr'>apparitione</span> <span class='ocrx_word' id='word_1_216' title='bbox 599 3394 687 3438; x_wconf 83' lang='lat' dir='ltr'>Christi</span> <span class='ocrx_word' id='word_1_217' title='bbox 698 3407 772 3437; x_wconf 87' lang='lat' dir='ltr'>eorem</span> <span class='ocrx_word' id='word_1_218' title='bbox 788 3395 909 3448; x_wconf 83' lang='lat' dir='ltr'>discipulis</span> 
     </span>
     <span class='ocr_line' id='line_1_37' title="bbox 304 3466 908 3511; baseline -0.005 0"><span class='ocrx_word' id='word_1_219' title='bbox 304 3471 327 3511; x_wconf 92' lang='lat' dir='ltr'>in</span> <span class='ocrx_word' id='word_1_220' title='bbox 343 3469 465 3511; x_wconf 89' lang='lat' dir='ltr'>Ierusalem</span> <span class='ocrx_word' id='word_1_221' title='bbox 480 3480 531 3511; x_wconf 88' lang='lat' dir='ltr'>sero</span> <span class='ocrx_word' id='word_1_222' title='bbox 547 3467 603 3509; x_wconf 82' lang='lat' dir='ltr'>laeto</span> <span class='ocrx_word' id='word_1_223' title='bbox 618 3474 639 3509; x_wconf 90' lang='lat' dir='ltr'>et</span> <span class='ocrx_word' id='word_1_224' title='bbox 653 3466 739 3508; x_wconf 87' lang='lat' dir='ltr'>clausis</span> <span class='ocrx_word' id='word_1_225' title='bbox 753 3466 846 3509; x_wconf 86' lang='lat' dir='ltr'>ianuis.</span> <span class='ocrx_word' id='word_1_226' title='bbox 902 3495 908 3508; x_wconf 90' lang='lat'><strong>.</strong></span> 
     </span>
     <span class='ocr_line' id='line_1_38' title="bbox 252 3535 909 3593; baseline -0.006 -12"><span class='ocrx_word' id='word_1_227' title='bbox 252 3537 309 3593; x_wconf 88' lang='lat' dir='ltr'>Cap.</span> <span class='ocrx_word' id='word_1_228' title='bbox 324 3538 397 3582; x_wconf 91' lang='lat' dir='ltr'>Xllll.</span> <span class='ocrx_word' id='word_1_229' title='bbox 427 3539 460 3580; x_wconf 93' lang='lat' dir='ltr'>De</span> <span class='ocrx_word' id='word_1_230' title='bbox 479 3539 618 3592; x_wconf 85' lang='lat' dir='ltr'>apparitione</span> <span class='ocrx_word' id='word_1_231' title='bbox 632 3535 720 3580; x_wconf 83' lang='lat' dir='ltr'>Christi</span> <span class='ocrx_word' id='word_1_232' title='bbox 740 3549 815 3579; x_wconf 88' lang='lat' dir='ltr'>coram</span> <span class='ocrx_word' id='word_1_233' title='bbox 832 3543 909 3582; x_wconf 85' lang='lat' dir='ltr'>saneto</span> 
     </span>
     <span class='ocr_line' id='line_1_39' title="bbox 305 3607 909 3662; baseline -0.005 -11"><span class='ocrx_word' id='word_1_234' title='bbox 305 3609 390 3651; x_wconf 90' lang='lat' dir='ltr'>Thoma</span> <span class='ocrx_word' id='word_1_235' title='bbox 404 3609 506 3662; x_wconf 81' lang='lat' dir='ltr'>apostolo</span> <span class='ocrx_word' id='word_1_236' title='bbox 521 3610 544 3651; x_wconf 93' lang='lat' dir='ltr'>ln</span> <span class='ocrx_word' id='word_1_237' title='bbox 559 3615 635 3650; x_wconf 80' lang='lat' dir='ltr'>octava</span> <span class='ocrx_word' id='word_1_238' title='bbox 649 3607 745 3660; x_wconf 84' lang='lat' dir='ltr'>paschae</span> <span class='ocrx_word' id='word_1_239' title='bbox 778 3635 784 3651; x_wconf 90' lang='lat'><strong>.</strong></span> <span class='ocrx_word' id='word_1_240' title='bbox 840 3637 846 3650; x_wconf 91' lang='lat'><strong>.</strong></span> <span class='ocrx_word' id='word_1_241' title='bbox 902 3637 909 3649; x_wconf 98' lang='lat'><strong>.</strong></span> 
     </span>
    </p>
   </div>
   <div class='ocr_carea' id='block_1_9' title="bbox 0 0 1066 4180">
    <p class='ocr_par' dir='ltr' id='par_1_12' title="bbox 0 0 1066 4180">
     <span class='ocr_line' id='line_1_40' title="bbox 0 0 1066 4180; baseline 0 0"><span class='ocrx_word' id='word_1_242' title='bbox 0 0 1066 4180; x_wconf 95' lang='lat' dir='ltr'> </span> 
     </span>
    </p>
   </div>
  </div>
 </body>
</html>
