2194 4180
250 414 992 530 fflnffi‘ff

282 609 346 671 Sed
362 617 451 670 certe
466 608 601 669 mentita
622 615 673 668 est
694 606 848 684 iniquitas
870 607 943 682 sibi,
966 619 1001 668 et
1087 632 1088 663 r

242 706 281 767 ad
302 705 441 766 nihilum
471 706 601 766 redacta
629 705 737 766 omnis
758 706 903 767 versutia
931 705 1000 767 dia-

241 805 323 880 boli,
352 804 460 864 omnis
481 813 626 881 potestas
649 804 761 880 Pilati,
791 803 898 863 omnis
924 820 1000 880 per·
1085 829 1088 836 2

240 902 380 963 versitas
401 902 523 979 populi,
544 901 652 963 omnis
673 901 819 979 nequitia
847 902 1002 962 sacerdo·

216 1011 320 1076 stum,
342 999 449 1060 omnis
464 999 580 1076 peritia
595 999 786 1076 scribarum,
807 1016 904 1060 omne
920 1017 1000 1061 con·
1087 1019 1088 1102 p

240 1097 350 1158 silium
381 1097 628 1173 pharisaeorum
660 1107 692 1157 et
723 1098 908 1173 seniorum,
938 1097 999 1174 qui

239 1194 427 1256 nitebantur
447 1211 568 1256 nornen
591 1205 741 1255 sanctum
769 1205 860 1255 tuum
883 1194 999 1255 delere
1086 1203 1088 1298 4

240 1294 280 1354 de
302 1311 359 1354 ore
388 1295 569 1356 hominum.
612 1294 676 1356 Sed
708 1310 823 1355 revera
850 1309 915 1352 non
944 1303 999 1354 est
1087 1303 1088 1370 i

240 1390 413 1451 consilium
426 1403 538 1453 contra
550 1391 739 1473 Dominum,
753 1406 814 1450 nec
830 1390 999 1466 praevalet
1087 1401 1088 1432 ἐ

205 1487 383 1565 inpotentia
405 1498 536 1550 terrena
557 1498 670 1549 contra
691 1488 904 1563 altissimum,
931 1504 997 1548 nec

239 1583 367 1661 proficit
388 1584 560 1661 prudentia
581 1583 689 1645 carnis
719 1595 831 1646 contra
854 1584 914 1645 Dei
944 1602 998 1645 sa·

238 1680 411 1758 pientiam,
445 1698 508 1742 nec
538 1683 651 1743 dolosa
686 1683 812 1743 cautela
841 1681 998 1758 decipere

238 1788 345 1856 potest
368 1780 473 1840 Deum
497 1781 607 1840 omnia
625 1781 794 1841 scientem.
831 1779 914 1840 Nam
936 1779 997 1855 qui

239 1877 381 1937 fundasti
402 1886 522 1938 terram
545 1895 645 1954 super
666 1877 871 1938 stabilitatem
899 1893 997 1937 suam

207 1986 272 2038 net
286 1975 424 2052 posuisti
440 1976 520 2036 mari
537 1975 714 2036 terminum
726 1992 821 2036 suurn
837 1985 869 2036 et
884 1974 1000 2035 omnia
1087 2027 1088 2042 ,

240 2074 357 2134 creasti
379 2073 412 2133 in
434 2074 589 2151 pondere,
610 2091 747 2134 numero
776 2083 808 2134 et
829 2089 1000 2149 mensura,

239 2171 359 2232 novisti
391 2171 487 2232 etiam
517 2181 648 2248 tempus
678 2181 711 2232 et
741 2173 853 2231 horam
885 2186 999 2232 resur·

238 2269 346 2345 gendi‚
368 2269 453 2330 sicut
473 2285 614 2329 noveras
631 2279 761 2346 tempus
782 2268 937 2329 nascendi
964 2280 1000 2330 et

240 2366 352 2425 horam
374 2365 544 2426 moriendi.

202 2479 229 2520 ao
281 2462 382 2539 Igitur
402 2463 508 2524 media
523 2472 619 2524 nocte
641 2464 780 2524 abeunte
802 2474 835 2524 et
848 2463 998 2526 diluculo
1086 2489 1087 2548 r

239 2560 487 2637 propinquante,
509 2577 528 2620 o
544 2560 800 2621 clementissime
817 2560 902 2636 Iesu,
917 2576 997 2622 cum
1085 2609 1086 2628 ,

238 2657 380 2734 glorioso
412 2674 548 2735 corpore
578 2657 612 2718 in
643 2658 784 2719 maxima
811 2658 932 2719 laetitia
962 2672 998 2722 et
1085 2701 1086 2706 η

238 2755 395 2817 ineffabili
425 2755 569 2816 claritate
598 2757 805 2817 resurrexisti
834 2757 931 2817 vivus
962 2770 998 2820 et

238 2853 343 2913 laetus
365 2854 404 2913 de
427 2854 602 2930 sepulchro
625 2854 746 2930 clauso,
775 2855 860 2914 sicut
881 2853 914 2914 in
937 2873 997 2917 na·
1085 2853 1086 2860 ’

201 2949 362 3011 estivitate
392 2950 486 3010 existi
516 2951 556 3011 de
587 2949 736 3027 virginali
765 2950 996 3015 sanctissimae

238 3046 350 3106 matris
372 3055 446 3107 tuae
467 3046 604 3124 virginis
627 3047 752 3108 Mariae
778 3057 871 3108 utero
900 3049 996 3111 salvo

237 3161 369 3221 semper
388 3154 566 3222 perpetuae
581 3145 775 3222 virginitatis
797 3145 869 3206 eius
884 3146 994 3224 signa·
1084 3195 1085 3198 ,

237 3243 327 3318 cuio,
362 3242 419 3303 tibi
452 3244 523 3302 Deo
554 3242 614 3302 soli
646 3243 759 3320 pervio
794 3257 996 3321 cooperante

237 3338 359 3415 Spiritu
390 3349 502 3400 sancto
533 3340 566 3399 in
597 3342 660 3401 hoc
691 3351 755 3402 tarn
784 3343 848 3403 alto
879 3343 995 3406 divino

199 3460 227 3501 ao
237 3437 395 3513 mysterio
410 3438 638 3514 stupendoque
653 3439 810 3500 miraculo
825 3457 844 3499 a
858 3443 994 3504 saeculo
1084 3439 1085 3486 i

238 3533 392 3596 inaudito.

591 3641 633 3684 218
