2194 4180
118 401 857 516 &staff

110 613 281 658 accessum
304 596 344 655 ad
359 603 620 668 monumentum,
641 594 680 653 ad
696 593 866 654 consolan-

111 696 187 755 dum
220 709 335 753 omnes
366 693 515 769 lugentes
546 699 577 751 te
613 691 802 752 defunctum
835 701 867 751 et

111 793 287 870 sepultum,
301 791 341 851 ad
352 789 585 851 confortandos
600 787 725 848 debiles
740 787 867 848 animos

111 890 145 950 in
168 888 232 949 lide
254 889 293 949 de
315 898 371 948 tua
393 886 635 948 resurrectione
657 885 868 961 haesitantes,

111 988 152 1047 ad
173 984 443 1064 congaudendum
466 984 523 1045 tibi
547 984 580 1044 in
604 983 757 1044 omnibus
772 982 889 1042 boniss

112 1086 151 1145 de
167 1100 325 1161 prospero
340 1082 446 1143 reditu
470 1082 508 1142 ab
524 1081 641 1142 inieris
663 1090 695 1141 et
716 1081 756 1141 de
780 1079 866 1140 lelici

111 1182 279 1259 apertione
301 1181 417 1240 ianuae
440 1179 602 1239 caelestis.
642 1177 764 1238 Tantus
779 1193 868 1237 nam·

111 1297 175 1357 que
191 1280 284 1340 dolor
299 1279 464 1338 invaserat
479 1286 608 1337 mentes
630 1293 741 1336 earum
765 1275 868 1335 intua

111 1377 334 1452 crucifixione,
356 1375 443 1452 quod
458 1392 590 1434 omnem
607 1373 704 1434 iidem
727 1382 760 1433 et
775 1389 866 1449 spem

110 1474 323 1551 perdiderunt
344 1473 384 1532 de
407 1472 515 1532 futura
544 1482 599 1532 tua
626 1470 904 1531 resurrectionem

111 1571 245 1648 saepius
267 1569 329 1630 sibi
352 1571 391 1630 ab
413 1587 469 1629 ore
491 1578 547 1628 tuo
569 1568 743 1644 praedicta.
773 1567 867 1628 Vnde

110 1688 173 1731 nec
195 1670 294 1729 ullam
314 1676 463 1744 poterant
478 1666 735 1727 consolationem
751 1665 790 1725 ab
811 1666 868 1724 ho·

113 1769 201 1829 mine
224 1764 352 1827 mortali
375 1763 541 1840 recipere,
568 1763 632 1823 nisi
656 1765 867 1840 sepulchrum

112 1875 203 1926 tuum
227 1880 322 1924 mane
344 1861 516 1923 visitarent
544 1871 576 1922 et
604 1863 643 1920 ab
672 1862 787 1938 angelo
810 1877 867 1937 pro

113 1973 203 2025 certo
225 1971 257 2022 te
279 1959 503 2020 resurrexisse
532 1959 681 2019 audirent
709 1968 742 2018 et
763 1957 903 2017 oculis1⁵

112 2060 261 2121 viderent
283 2075 319 2119 ac
342 2056 493 2117 manibus
515 2056 585 2116 suis
607 2066 681 2116 tuos
707 2055 868 2132 gloriosos

111 2158 213 2234 pedes
235 2173 294 2232 pro
316 2155 410 2232 signo
425 2153 572 2215 veritatis
594 2161 753 2213 tenerent.
788 2151 868 2230 Qui-

110 2256 173 2315 bus
195 2251 329 2329 patratis
355 2261 428 2330 post
456 2251 528 2328 piae
557 2249 762 2310 salutationis
793 2259 867 2309 tuae

111 2350 271 2411 solacium
294 2348 464 2409 iniunxisti
487 2330 590 2407 laetae
612 2345 867 2406 denuntiationis

73 2437 76 2446 ’
111 2447 258 2508 oflicium
284 2446 373 2506 omni
401 2444 590 2522 acceptione
615 2452 647 2503 et
675 2445 800 2503 honore
822 2442 903 2502 di-ao

111 2562 212 2622 gnum
228 2545 365 2604 multum
388 2542 540 2604 benivole
562 2559 618 2601 eas
641 2541 815 2608 consolans
836 2550 868 2600 et

112 2642 253 2703 dulciter
266 2640 461 2717 alloquendo
475 2638 666 2698 confortans
685 2654 722 2697 ac
737 2636 868 2698 dicens:

112 2738 224 2800 Nolite
239 2739 373 2813 timere3
388 2737 443 2812 ite,
453 2735 599 2795 nuntiate
612 2734 765 2794 iratribus
776 2733 869 2810 meis,

112 2847 149 2898 ut
171 2846 245 2897 eant
267 2836 300 2896 in
324 2834 522 2908 Galilaeam‚
551 2832 594 2892 ibi
624 2850 677 2893 me
702 2832 867 2893 videbunt.

156 2933 185 2995 Ο
214 2949 310 3010 quam
342 2933 484 2993 iucunda
512 2941 589 2991 sunt
619 2931 681 2992 ista
702 2932 801 2993 verba
829 2932 904 2992 adas

112 3031 323 3107 audiendum,
345 3047 441 3108 quam
464 3030 572 3090 dulcia
593 3031 632 3090 ad
652 3030 869 3108 cogitandum,

112 3145 210 3205 quam
233 3128 326 3188 utilia
340 3128 379 3188 ad
396 3127 624 3188 ruminandum
648 3137 681 3188 et
702 3128 741 3187 ad
756 3144 869 3187 saecu·

114 3227 201 3286 lares
232 3225 358 3286 fabulas
388 3224 653 3301 extinguendum.
706 3223 735 3285 Ο
771 3240 868 3300 quam

114 3322 191 3382 clari
209 3322 306 3398 oculi,
327 3322 382 3399 qui
399 3321 577 3382 Dominum
593 3321 755 3397 viderunt,
771 3339 867 3399 quam

113 3438 215 3498 purae
251 3437 384 3496 manus,
419 3437 502 3497 quae
539 3420 647 3479 lesum
683 3419 905 3496 tetigerunt,ao
995 3450 999 3455 -

114 3535 211 3595 quarn
234 3527 346 3578 sancta
367 3517 460 3593 labia,
481 3534 564 3593 quae
587 3518 735 3577 osculum
757 3516 787 3577 ei
810 3516 869 3576 im·

471 3622 510 3664 aar
