2118 4180
242 421 986 533 wammam&

417 627 689 705 [CAPITVLVM
712 628 811 706 xlii]

258 817 260 824 ,
284 762 329 820 De
346 762 567 836 persecutione
585 761 655 821 lesu
677 767 709 820 et
723 763 806 838 fuga
828 761 897 820 etus
919 761 954 820 ἰη

521 859 706 934 Aegyptum.
1044 829 1045 918 i

312 953 341 981 ,ἢ

236 953 482 1173 &medico
505 1020 537 1070 et
553 1011 672 1087 gratias
687 1028 745 1087 ago
761 1011 829 1086 tibi,
852 1010 992 1070 Domine

200 1127 213 1166 5
367 1110 441 1169 lesu
457 1108 602 1184 Christe,
625 1126 681 1169 rex
697 1126 808 1185 regum
825 1108 992 1182 altissime,

236 1223 294 1281 pro
322 1215 377 1266 tua
405 1206 634 1281 persecutione
663 1216 695 1266 et
723 1205 932 1266 tribulatione
961 1206 991 1264 in

235 1303 352 1379 puerili
377 1312 481 1364 aetate
504 1304 561 1364 tibi
588 1305 687 1379 iacta,
715 1305 844 1381 quando
868 1322 886 1363 a
911 1303 992 1362 facie

236 1401 420 1476 impiissimi
445 1402 587 1462 Herodis
616 1402 702 1478 regis
728 1401 838 1478 fugisti
861 1411 893 1460 et
915 1411 992 1461 tam·
1045 1441 1046 1482 p

236 1516 332 1575 quam
355 1499 429 1559 exul
452 1509 484 1559 et
505 1499 698 1575 peregrinus
715 1499 877 1574 apropria
892 1499 991 1574 patria
1045 1485 1046 1514 ³

203 1614 227 1655 ro
236 1598 425 1672 compulsus
448 1614 484 1656 es
506 1596 595 1656 exire
618 1606 650 1656 et
670 1596 836 1672 regionem
853 1593 990 1673 Aegypti

236 1696 374 1755 latenter
394 1695 525 1769 intrare,
547 1695 587 1753 de
606 1711 670 1770 qua
691 1694 768 1753 olim
792 1693 877 1753 lilios
894 1695 990 1754 lsrael

235 1792 268 1852 in
291 1810 388 1853 manu
411 1792 534 1868 potenti
557 1791 707 1851 eduxisti.

277 1892 386 1951 Laudo
409 1900 440 1951 et
461 1889 607 1966 glorifico
628 1899 660 1949 te
682 1907 740 1965 pro
759 1889 920 1949 laboriosa
941 1889 991 1948 via
1046 1901 1047 1988 p

236 1989 290 2048 illa
321 1999 352 2049 et
384 1990 478 2064 longa
510 1988 790 2064 peregrinatione,
826 2004 922 2063 quam
959 1987 990 2046 in
1046 1999 1047 2004 ’

202 2096 322 2146 rsterra
352 2086 458 2146 aliena
488 2085 648 2160 pertulisti
681 2085 830 2144 habitans
865 2095 989 2161 septem

235 2201 394 2244 annorum
424 2183 527 2258 spatio
556 2183 642 2243 inter
669 2183 820 2242 barbaras
842 2182 990 2243 nationes

235 2291 267 2341 et
282 2281 434 2340 homines
448 2280 505 2340 tibi
522 2280 615 2340 valde
631 2280 818 2340 dissimiles.
849 2278 879 2339 Ο
894 2297 989 2356 quam

235 2396 333 2438 saeva
361 2379 511 2455 impietas
537 2388 702 2439 auctorem
724 2378 810 2438 vitae
832 2380 917 2440 velle
939 2398 990 2439 oc·

236 2477 344 2537 cidere
374 2487 405 2537 et
434 2493 543 2553 regem
574 2476 653 2535 caeli
677 2477 716 2536 de
739 2476 868 2551 propria
890 2477 990 2553 patria
1046 2515 1048 2560 p

198 2576 320 2635 aovelle
358 2574 538 2634 exturbare.
595 2572 624 2633 Ο
660 2583 799 2649 quantae
839 2575 990 2634 lacrimae

236 2672 384 2746 linerent,
406 2671 434 2731 si
456 2671 530 2747 quis
552 2680 616 2730 tam
639 2687 748 2731 carum
772 2681 803 2732 et
818 2672 988 2748 pulchrum
1047 2677 1048 2714 ³

235 2770 407 2846 puerulum
424 2785 497 2828 cum
514 2767 775 2844 elegantissimae
792 2770 915 2831 iormae
929 2771 990 2831 vir·
1047 2831 1048 2834 ,

235 2868 310 2944 gine
332 2876 434 2927 matre
457 2866 490 2925 in
513 2874 658 2925 secretae
681 2866 787 2925 noctis
803 2869 989 2929 umbraculo

236 2967 348 3042 fugere
371 2975 402 3025 et
424 2963 513 3024 exire
536 2964 568 3023 in
591 2973 720 3038 terram,
742 2981 838 3040 qnam
854 2983 920 3026 non
936 2983 990 3026 no-

199 3072 367 3138 asverant,
399 3061 651 3137 conspexisset?
701 3062 788 3122 Vere
817 3062 989 3139 singularis

235 3159 409 3236 patientiae
430 3169 479 3219 est
499 3160 560 3219 iste
581 3159 820 3235 persecutionis
835 3160 989 3221 articulus

235 3268 267 3318 et
298 3260 392 3319 docet
423 3275 538 3318 omnes
570 3258 694 3319 Christi
728 3258 842 3318 lideles
872 3258 989 3318 multas

236 3356 355 3416 debere
377 3373 435 3416 eos
454 3355 702 3431 persecutiones
724 3356 762 3414 ab
784 3355 895 3432 impiis
916 3355 988 3432 pati.

277 3455 385 3514 Laudo
409 3463 440 3512 et
462 3453 642 3514 honorifico
664 3463 712 3528 te,
743 3453 883 3513 Domine
906 3454 989 3527 lesu,

199 3567 294 3625 sopro
323 3552 416 3610 beato
445 3550 500 3609 illo
532 3551 637 3610 reditu
668 3567 708 3610 ex
737 3549 902 3628 Aegypto,
933 3567 988 3627 pro

599 3657 626 3697 ao
