2152 4174
229 403 980 514 Qm‘mtstmfflffi

222 592 276 652 diu
292 592 471 669 quaesitam
487 593 715 670 laborioseque
726 592 891 653 inventam
902 609 984 668 pro·

221 689 301 764 priis
322 689 446 750 umeris
468 691 549 750 caeli
572 690 716 752 referres
737 691 776 750 ad
797 690 913 750 aulam.

262 786 371 847 Laudo
393 797 425 847 et
446 787 627 848 honorifico
649 797 690 863 te,
712 787 823 848 inclite
838 787 984 864 signiter

222 884 430 946 Christianae
445 885 590 962 militiae,
607 903 666 962 pro
680 895 735 946 tua
750 886 983 947 maestibunda

198 991 252 1046 set
268 983 439 1044 confusive
455 984 639 1060 eductione,
661 983 790 1061 quando
806 1001 880 1044 cum
894 1000 981 1060 pon-

220 1080 337 1140 deroso
352 1081 460 1142 crucis
474 1082 562 1159 ligno
578 1081 702 1142 immite
718 1082 774 1143 tibi
789 1081 979 1158 superiecto

220 1188 309 1239 extra
330 1181 444 1240 urbem
467 1180 628 1257 egregiam
651 1179 836 1257 ignobiliter
856 1180 980 1242 ductus

220 1293 266 1351 es,
288 1276 321 1336 in
339 1294 403 1354 qua
417 1278 528 1337 multis
543 1285 638 1338 antea
652 1277 755 1354 signis
770 1287 803 1338 et
816 1278 979 1339 doctrinis

219 1373 361 1450 gloriose
376 1375 550 1450 emicuisti,
565 1375 623 1434 sed
636 1392 723 1435 nunc
734 1373 850 1434 acriori
862 1383 979 1434 contra

185 1487 209 1528 ro
219 1480 251 1531 te
273 1471 436 1532 dementia
461 1473 561 1533 totius
582 1473 692 1550 populi
715 1472 874 1532 concitata
894 1482 979 1533 tam-

219 1585 315 1645 quam
347 1570 458 1630 socius
489 1569 598 1630 furum
629 1578 661 1629 et
691 1570 844 1646 princeps
878 1570 979 1631 latro-

219 1683 296 1726 num
319 1666 352 1728 in
381 1667 488 1726 medio
515 1684 655 1744 nequam
678 1667 896 1743 pessimorum
919 1668 978 1730 de·

219 1763 342 1838 putaris
383 1764 416 1824 in
459 1764 619 1825 altissimo
653 1765 796 1842 patibulo
837 1782 978 1841 suspen·

219 1861 355 1922 dendus.

185 1975 211 2016 15
262 1959 370 2018 Laudo
392 1969 424 2020 et
444 1960 591 2038 glorifico
606 1970 648 2036 te,
671 1961 791 2037 optime
808 1963 893 2037 Iesu,
913 1978 977 2037 pro

220 2059 299 2118 dura
321 2067 353 2118 et
374 2059 607 2120 molestissima
635 2060 689 2119 illa
716 2059 919 2136 profectione
942 2069 978 2120 et

218 2155 410 2216 inconsueta
430 2157 691 2234 peregrinatione
718 2174 776 2233 pro
806 2157 899 2217 nobis
921 2175 975 2217 as·

217 2261 361 2329 sumpta,
383 2271 441 2329 pro
463 2255 601 2330 singulis
622 2255 741 2331 pedum
764 2254 914 2331 passibus
937 2255 974 2315 in

215 2360 302 2411 terra
324 2350 414 2427 fixis,
440 2369 498 2428 pro
520 2351 621 2411 nimia
643 2351 838 2413 fessitudine
859 2353 977 2412 debili-

178 2467 205 2508 ao
216 2450 270 2509 tati
290 2449 436 2525 corporis
447 2450 493 2510 tui
505 2466 545 2509 ex
560 2449 831 2527 praecedentibus
846 2449 977 2526 poenis,

214 2563 273 2622 pro
294 2547 384 2623 gravi
407 2548 569 2608 descensu
592 2556 624 2607 et
639 2564 779 2608 ascensu
795 2546 978 2608 indirectae

214 2646 286 2706 viae
309 2662 383 2704 cum
406 2661 506 2706 onere
529 2645 646 2720 cruciS,
667 2662 726 2721 pro
742 2644 893 2706 festinata
907 2646 977 2723 agi-

215 2743 335 2803 tatione
365 2752 396 2802 et
424 2743 571 2819 improba
599 2742 789 2803 tractatione
814 2743 973 2804 comitum

214 2856 456 2916 perversorum,
477 2858 495 2899 a
510 2840 629 2916 quibus
643 2839 782 2900 ulterius
797 2841 846 2901 ire
860 2841 976 2902 iussus

177 2955 251 2998 zoes
273 2947 305 2998 et
327 2947 456 2998 austere
485 2938 663 3014 impulsus,
692 2947 871 2999 retrorsum
900 2939 975 3000 dire

214 3036 416 3111 stimulatus,
447 3046 630 3096 antrorsum
656 3035 783 3096 fortiter
805 3044 974 3112 attractus,

214 3134 290 3194 hinc
327 3143 359 3194 et
393 3133 469 3193 inde
504 3133 651 3208 pluriens
686 3132 833 3209 agitatus.
886 3133 972 3194 Nam

213 3232 350 3292 nimium
362 3231 539 3307 depressus
551 3238 582 3290 et
593 3229 783 3292 incurvatus
794 3231 975 3306 incessisti,

213 3330 289 3389 dum
313 3346 397 3389 onus
412 3328 616 3404 importabile
639 3337 761 3389 artatus
782 3345 819 3389 es
840 3337 974 3405 portare

174 3428 251 3488 aoad
284 3427 443 3487 calvariae
478 3427 596 3487 locum.
639 3425 690 3486 Ah
721 3428 760 3486 ah
791 3443 973 3503 numquam

213 3524 309 3585 talem
332 3525 573 3586 itinerationem
596 3525 755 3599 habuisti,
783 3534 847 3584 tam
876 3541 973 3601 aspe-

575 3629 613 3670 roo
