2152 4174
98 592 174 652 avit.
226 592 300 652 Non
332 593 419 652 enim
452 594 717 670 corruptibilibus
749 596 857 671 rebus,

97 706 177 749 auro
200 691 253 750 vel
276 699 426 767 argento,
455 691 622 767 redempta
646 709 682 751 es
705 692 744 752 de
766 709 857 768 prae-

96 785 309 846 varicationis
338 797 428 848 reatu
456 798 488 849 et
510 790 550 850 de
571 791 747 850 multorum
771 808 858 850 corn-

96 883 260 945 missione
291 885 503 962 delictorum,
539 905 622 964 quae
656 897 710 949 tua
740 896 857 964 sponte

96 982 268 1041 voluntate
290 983 442 1059 nequiter
455 984 614 1061 adiecisti,
636 987 694 1045 sed
712 986 880 1062 pretiosos

96 1079 260 1156 sanguine
289 1082 362 1158 agni
392 1082 589 1144 immaculati
621 1084 695 1144 Iesu
721 1083 857 1159 Christi,

97 1179 153 1254 qui
198 1195 264 1238 non
301 1180 407 1239 solum
443 1198 501 1256 pro
537 1190 591 1241 tua
627 1181 857 1242 emundatione

98 1293 196 1336 suum
227 1276 419 1353 sanguinem
450 1277 565 1339 effudit
594 1279 626 1339 in
656 1295 770 1354 cruce,
799 1279 857 1338 sed

97 1374 241 1434 eundem
271 1374 328 1433 tibi
358 1375 455 1434 etiam
485 1376 524 1434 ad
553 1375 729 1436 bibendum
761 1375 858 1436 relin-

99 1487 202 1546 quere
224 1470 257 1530 in
281 1471 382 1532 calice
404 1471 491 1532 fideli
515 1473 689 1534 devotione
708 1473 894 1550 dignatus10

99 1577 149 1628 est
178 1568 213 1627 in
243 1569 437 1630 sacramenti
468 1570 699 1631 communione
726 1588 858 1632 sumen·

100 1667 194 1742 dum,
224 1683 289 1743 quo
318 1665 479 1726 cotidiana
508 1667 620 1727 mundi
649 1677 781 1744 peccata
808 1686 857 1730 re-

100 1772 279 1841 purgantur
300 1773 332 1824 et
353 1764 513 1824 delentur.

140 1864 216 1922 Heu
239 1879 335 1938 quam
357 1861 467 1939 gravia
487 1862 666 1924 merebitur
686 1865 855 1941 supplicia,

99 1963 153 2038 qui
183 1961 375 2038 sanguinem
404 1960 590 2022 testamenti
622 1960 679 2021 filii
704 1961 764 2021 Dei
788 1963 855 2037 pol·
867 1976 891 2018 15

10 2113 11 2118 ,
99 2062 203 2121 lutum
240 2060 368 2120 duxerit
402 2068 434 2120 et
466 2059 624 2123 Crucifixi
662 2061 854 2121 vulneribus

99 2158 217 2234 gratias
246 2157 371 2217 debitas
399 2174 465 2217 non
496 2157 701 2233 persolverit.
753 2159 854 2219 Stude

10 2323 11 2326 Ἴ
100 2273 175 2333 ergo
199 2254 364 2331 regratiari
380 2255 435 2314 tali
453 2255 598 2329 amatori,
619 2262 684 2315 tam
707 2255 854 2332 largifluo

99 2351 319 2427 benefactori,
350 2352 464 2412 saltem
496 2352 587 2411 brevi
620 2353 765 2413 oratione
795 2371 854 2415 seu

99 2452 216 2511 devota
244 2449 454 2511 meditatione
484 2450 516 2510 in
546 2450 653 2528 aliqua
677 2461 767 2526 parte
789 2451 889 2510 dieiao

99 2549 150 2609 vel
180 2547 296 2608 noctis.
348 2547 444 2607 Multi
477 2547 591 2608 fideles
627 2548 747 2608 amoris
782 2548 854 2609 eius

10 2653 11 2656 ’
99 2647 174 2724 igne
196 2645 348 2706 succensi
372 2646 563 2723 sanguinem
593 2663 689 2706 suum
713 2645 766 2722 pia
789 2646 854 2705 avi·

10 2799 11 2802 ,
100 2746 198 2806 ditate
229 2760 287 2820 pro
319 2760 358 2805 eo
390 2744 553 2804 Fuderunt.
606 2744 722 2804 Plures
757 2743 853 2804 etiam

99 2859 156 2917 pro
186 2840 287 2901 calice
316 2840 485 2917 sanguinis
506 2858 608 2918 aquas
629 2858 757 2901 amarae
779 2859 854 2901 con·

10 2971 11 3000 t
100 2938 241 2999 tritionis
263 2938 454 3015 suppliciter
474 2939 661 3000 obtulerunt
676 2940 891 2999 communi-as

101 3037 202 3096 cando
224 3036 433 3111 passionibus
453 3035 525 3096 eius
547 3054 605 3112 per
627 3037 724 3097 duras
745 3037 855 3113 paeni-

10 3123 11 3208 }
100 3132 220 3193 tentiae
242 3132 321 3193 vias

140 3232 267 3291 Horum
299 3233 448 3308 exemplo
479 3231 569 3291 disce
599 3240 630 3291 et
658 3240 693 3292 tu
722 3248 853 3291 carnem

102 3340 186 3389 tuam
217 3328 408 3405 crucifigere
440 3345 513 3387 cum
536 3328 625 3389 vitiis
648 3339 679 3389 et
701 3327 855 3404 concupi-

102 3426 235 3487 scentiis
257 3425 337 3501 suis,
358 3425 624 3502 temptationibus
645 3425 783 3486 viriliter
805 3444 889 3487 re=ao

102 3524 233 3599 luctari,
264 3523 466 3583 voluntariae
498 3523 711 3583 subiectionis
742 3523 852 3602 iugum

461 3627 499 3670 123
