2152 4174
98 414 418 524 sm
431 471 479 524 I,2,
492 471 523 514 16·
536 417 851 526 W

281 662 554 739 [CAPITVLVM
578 665 676 742 xvi]

191 812 238 871 De
260 811 381 872 iniusto
403 814 671 874 condemnatione
691 815 761 875 Iesu

374 927 417 986 od
439 932 580 986 mortem.

93 1037 346 1258 &medico
366 1105 398 1156 et
412 1096 532 1173 gratias
547 1113 606 1173 ago
622 1095 690 1171 tibi,
713 1095 854 1157 Domine

230 1195 305 1254 lesu
317 1194 461 1271 Christe,
476 1204 589 1255 auctor
598 1195 684 1255 vitae
695 1203 726 1254 et
741 1211 877 1255 normas

92 1290 252 1367 iustitiae,
273 1309 331 1368 pro
353 1301 408 1352 tua
429 1291 551 1353 iniusta
565 1293 604 1352 ad
620 1299 758 1353 mortem
779 1308 855 1352 con-

93 1388 307 1450 demnatione
329 1389 401 1450 sine
423 1390 582 1450 demerito
600 1388 855 1465 commissionis,

92 1487 169 1546 viro
190 1486 355 1547 homicida
377 1496 408 1547 et
434 1487 590 1548 seditioso
613 1487 698 1548 vitae
722 1487 855 1565 indigne

93 1593 275 1644 reservato.
312 1584 341 1646 Ο
364 1585 520 1646 iudicium
540 1586 639 1646 nimis
661 1603 854 1662 perversum

93 1691 127 1742 et
158 1681 274 1742 infelix
303 1683 538 1744 concambium.
582 1683 668 1745 Cum
693 1683 781 1743 enim
805 1693 854 1743 tu·
867 1696 890 1738 ιο

93 1779 221 1839 multus
243 1779 359 1856 ingens
381 1779 473 1839 fieret
495 1779 528 1839 in
543 1780 674 1856 populo,
695 1796 757 1839 nec
780 1779 855 1839 feri-

93 1886 196 1938 tatem
220 1877 382 1938 Iudaicam
412 1877 510 1937 iudex
531 1877 646 1938 sedare
673 1877 781 1954 aliqua
802 1877 855 1937 via

94 1975 270 2052 potuisset,
291 1975 376 2035 sedit
397 1991 455 2052 pro
474 1974 626 2035 tribunali
643 1986 674 2036 et
690 1985 802 2037 contra
822 1984 854 2036 te
871 2015 874 2021 -

93 2076 183 2134 hanc
213 2072 370 2134 nefariam
403 2072 534 2133 dictavit
569 2072 784 2148 sententiam,
820 2081 854 2132 ut

0 2183 2 2186 ·
94 2172 263 2232 Barabbas
293 2171 374 2230 latro
403 2169 622 2230 dimitteretur
650 2168 765 2245 vivus,
799 2169 853 2246 qui
866 2186 890 2226 15

94 2278 166 2330 erat
188 2268 303 2329 mortis
325 2285 402 2328 reus
422 2284 483 2344 per
504 2265 631 2326 facinus
653 2266 799 2343 capitale,
823 2275 855 2326 et

94 2377 131 2428 tu
154 2368 193 2427 ab
212 2366 299 2427 omni
316 2365 443 2426 offensa
457 2381 560 2441 purus
575 2364 663 2424 cruci
679 2366 855 2427 tradereris

94 2475 203 2527 morte
226 2463 416 2541 turpissima
436 2462 631 2539 puniendus
662 2463 737 2522 Heu
759 2464 854 2539 quale

94 2562 254 2624 iudicium
270 2570 321 2622 est
335 2559 434 2620 huius
449 2559 572 2635 mundi,
594 2568 626 2620 et
645 2576 742 2636 quum
758 2561 853 2637 longe

94 2671 174 2722 tuno
210 2658 334 2719 iustitia
369 2657 603 2734 proscribitur,
645 2674 718 2716 cum
762 2657 890 2734 impiiao

1 2785 3 2824 ι
94 2757 265 2834 coeperint
286 2757 407 2816 habere
433 2754 624 2815 dominium.
668 2755 752 2816 Ecce
774 2773 853 2833 quo·
883 2803 885 2808 ,

95 2857 193 2917 modo
211 2854 296 2931 perit
317 2855 434 2929 iustuS,
456 2862 488 2913 et
502 2870 568 2912 non
584 2860 644 2926 est,
666 2851 721 2928 qui
737 2852 854 2914 liberet
875 2869 877 2872 ·

95 2969 182 3013 eum.
226 2951 290 3012 Pro
312 2950 414 3026 dolor,
437 2967 536 3010 verax
557 2949 652 3009 datur
674 2948 853 3026 fallacibus,

95 3052 185 3128 pium
207 3049 346 3126 flagellat
361 3047 491 3125 impius.
527 3046 676 3107 Traditur
693 3046 853 3108 innocens

95 3165 153 3223 pro
182 3156 341 3222 nocente,
369 3147 450 3206 latro
473 3162 531 3221 pro
554 3143 689 3206 Christo
713 3145 890 3222 eligitur,25

95 3255 127 3306 et
149 3246 315 3305 Barabbas
343 3243 474 3304 vinctus
502 3260 560 3319 pro
586 3243 660 3302 lesu
681 3243 852 3304 Nazareno

1 3385 3 3428 5
96 3343 267 3403 relaxatur.
328 3341 442 3419 Agnus
484 3350 627 3402 mutatur
667 3358 726 3418 pro
766 3342 853 3418 lupo,

96 3449 229 3500 sanctus
251 3456 309 3514 pro
326 3439 513 3515 criminoso,
535 3439 678 3516 optimus
698 3456 757 3515 pro
779 3456 852 3515 pes·

1 3521 3 3537 '
96 3537 189 3614 simo,
205 3539 305 3597 homo
319 3537 466 3613 perditus
482 3537 589 3598 evadit
604 3554 662 3613 pro
676 3537 747 3597 Deo
763 3554 851 3598 vero.

457 3641 496 3684 roe
