2118 4180
80 433 815 544 Qfflnoafflffl

74 620 204 695 positum
227 622 267 681 ad
288 624 541 697 promerendum
557 621 686 680 divinae
700 621 822 697 gratiae

73 719 236 795 auxilium,
265 729 297 780 et
321 719 479 796 quidquid
500 720 580 780 mihi
604 720 695 779 deest
717 719 750 777 in
773 736 822 778 rc-

13 807 14 814 '
73 816 229 891 gratiando
258 817 429 877 beneficiis
452 818 531 894 Dei,
559 827 593 877 tu
623 818 738 893 supple
763 833 821 892 pro

74 931 131 990 me,
144 926 245 976 mater
259 915 418 991 piissima,
434 915 602 975 offerendo
615 915 820 990 temetipsam

74 1027 139 1070 curn
155 1013 378 1072 amantissimo
395 1013 461 1073 lilio
477 1023 532 1074 tuo
548 1013 651 1073 vultui
668 1023 821 1089 paternae
844 1026 858 1064 5

74 1109 193 1184 gloriae.
230 1111 373 1170 Excuset
385 1120 448 1170 ¹tua
469 1111 637 1187 virginalis
654 1111 822 1187 integritas

75 1206 282 1284 impuritatem
301 1225 407 1268 rneam
424 1218 488 1268 tarn
504 1209 625 1268 mentis
640 1227 736 1286 quarn
753 1226 822 1269 cor·

74 1306 170 1381 poriS,
197 1317 251 1367 tua
280 1306 397 1366 caritas
419 1323 525 1366 tnearn
548 1307 748 1383 tepiditatem
771 1324 822 1367 ac-

74 1404 195 1480 cendat,
223 1414 279 1464 tua
307 1405 475 1466 humilitas
502 1422 608 1465 meatn
635 1405 820 1481 superbiam

74 1499 215 1579 inclinet,
243 1514 299 1565 tua
323 1512 501 1578 spontanea
523 1503 730 1564 oboedientia
751 1521 821 1579 per·
834 1515 858 1557 10

74 1614 192 1659 versam
207 1601 359 1677 propriae
369 1602 547 1662 voluntatis
562 1619 655 1662 meae
670 1601 821 1662 duritiam

75 1697 255 1775 confringat.

109 1794 152 1853 En
185 1796 289 1856 offero
323 1815 376 1857 me
405 1797 512 1873 ipsum
537 1798 570 1857 in
600 1815 717 1857 manus
750 1806 822 1857 tuas

73 1891 239 1970 dilectique
272 1893 329 1953 filii
365 1894 431 1969 tui,
467 1904 499 1954 et
534 1895 691 1971 quidquid
727 1912 822 1971 agere

73 2005 215 2068 possum,
237 1991 300 2051 erit
321 1991 354 2051 in
377 1993 547 2052 servitium
570 2003 715 2054 vestrum
738 2010 822 2053 sem-
834 2007 858 2048 15

73 2104 125 2162 per
143 2100 300 2166 paratum.

109 2185 220 2247 Offero
243 2205 301 2264 par
322 2198 495 2264 turturum,
516 2190 678 2266 geminam
697 2190 823 2250 scilicet
918 2207 920 2211 ’

74 2285 371 2361 compunctionem,
406 2286 511 2362 pritno
542 2288 582 2347 de
613 2287 756 2363 peccatis
791 2297 822 2347 et

74 2382 282 2458 neglegentiis
311 2384 394 2443 meis
423 2385 579 2459 dolende,
608 2385 727 2445 dehinc
764 2402 822 2460 pro

74 2481 208 2541 aeternis
229 2481 356 2557 gaudiis
378 2482 582 2558 suspirando.
832 2498 859 2539 ao

13 2629 14 2638 ,
110 2580 157 2638 Do
186 2579 284 2638 etiam
315 2579 421 2638 libens
450 2579 482 2639 in
507 2582 733 2640 holocaustum
759 2580 823 2639 Do-

74 2676 155 2735 mino
177 2678 261 2737 duos
281 2677 388 2752 pullos
404 2678 638 2754 columbarum,
660 2678 822 2754 duplicem

13 2767 14 2784 ³
74 2774 191 2835 scilicet
214 2774 456 2850 simplicitatem
479 2775 567 2835 intus
587 2778 747 2837 servando
770 2795 823 2837 cu·

74 2871 160 2945 piens
195 2871 277 2932 nulli
312 2871 433 2932 malurn
469 2889 527 2948 pro
560 2874 645 2932 malo
677 2875 823 2950 reddere,

75 2966 202 3045 insuper
224 2979 256 3030 et
277 2969 310 3028 in
333 2970 418 3028 bono
441 2971 561 3030 malurn
584 2972 726 3032 vincere.
833 2990 859 3030 25

110 3068 204 3145 Quod
227 3069 307 3128 mihi
330 3079 495 3144 praestare
518 3070 676 3146 digneris,
697 3089 716 3130 o
738 3071 822 3130 bone

76 3162 152 3240 lesu,
176 3165 232 3241 qui
255 3167 294 3225 ab
316 3167 431 3227 humili
454 3167 580 3243 virgine
601 3177 703 3228 matre
726 3169 823 3228 hodie

75 3260 103 3320 in
122 3263 243 3338 templo
266 3274 492 3339 praesentatus
522 3264 610 3325 luisti
641 3275 672 3325 et
698 3284 716 3325 a
737 3265 823 3325 iusto

76 3375 106 3416 ac
125 3360 275 3420 timorato
298 3361 368 3421 viro
392 3361 546 3422 Simeone
575 3361 608 3421 in
636 3363 722 3422 ulnis
745 3363 824 3422 cari-

76 3457 141 3516 tatis
163 3475 236 3518 cum
260 3459 377 3535 gaudio
400 3470 582 3535 susceptus
832 3481 859 3521 ao

437 3663 464 3704 29
