2152 4174
250 417 991 532 Qunam&

243 611 344 688 illudi,
369 610 505 687 conspui
528 620 560 670 et
581 607 734 685 percuti?
776 605 827 667 Ah
851 607 994 667 furentes

244 709 370 785 ludaei,
398 718 496 770 totam
525 718 654 769 noctem
684 707 770 767 illam
796 703 944 765 ludibriis
966 713 995 763 et

243 807 434 868 verberibus
462 807 495 866 in
524 816 556 866 te
583 805 807 883 expenderunt
830 811 861 864 et
882 800 995 878 poenis

242 923 278 965 se
305 905 370 966 tuis
399 905 554 965 satiantes
576 920 679 980 paene
708 902 995 980 incognoscibilem

218 1003 359 1063 slaciem
388 1011 475 1062 tuam
506 1001 632 1062 cunctis
659 1000 878 1061 reddiderunt.
923 1001 997 1060 Per·

242 1099 360 1160 mansit
388 1109 496 1159 autem
526 1099 558 1159 in
587 1109 619 1159 te
648 1097 863 1158 mansuetudo
892 1095 997 1156 inlati-

240 1198 355 1275 gabilis
384 1206 416 1257 et
445 1197 543 1257 decor
570 1196 697 1257 animae
725 1193 998 1271 incomparabilis,

242 1312 337 1371 quam
368 1311 503 1355 cernere
531 1294 709 1370 nequibant
734 1302 874 1353 tortores
896 1290 997 1367 impii.

242 1393 475 1452 Verumtamen
498 1391 612 1451 electis
634 1390 785 1451 omnibus
801 1389 942 1450 effectus
964 1406 998 1448 es

207 1508 231 1548 ro
242 1491 343 1550 multo
366 1488 533 1565 pulchrior
560 1497 592 1548 et
621 1487 726 1548 carior
747 1486 929 1547 secundum
953 1485 998 1545 in-

242 1596 371 1646 ternum
394 1585 513 1646 mentis
535 1593 713 1660 aspectum,
736 1601 799 1660 quo
818 1582 857 1642 ab
873 1581 996 1642 eisdem

243 1683 404 1759 cerneris,
427 1699 554 1742 summe
578 1683 685 1758 Deus,
706 1684 787 1742 haec
809 1679 919 1743 omnia
940 1697 998 1756 pro
1066 1698 1069 1706 ’

243 1799 352 1842 amore
374 1780 644 1841 innocentissime
666 1797 792 1856 passus.

284 1879 372 1955 Rogo
387 1887 430 1953 te,
445 1895 463 1938 o
479 1878 716 1954 patientissime
732 1878 817 1952 lesu,
836 1865 997 1954 quatenus

208 1976 341 2038 rshuius
369 1975 499 2035 maximi
529 1983 735 2050 contemptus
760 1974 807 2034 tui
829 1974 997 2035 nimietate

242 2081 335 2131 acute
357 2081 491 2147 pensata
512 2072 630 2132 doceas
645 2089 697 2132 me
713 2071 875 2147 propriam
896 2081 997 2132 atten-

242 2171 319 2229 dere
341 2168 498 2228 vilitatem
521 2179 552 2228 et
574 2186 670 2245 quam
693 2169 778 2229 iuste
800 2169 905 2229 merui
923 2187 997 2246 pec·

242 2267 323 2327 catis
351 2267 555 2344 exigentibus
583 2268 622 2327 ab
653 2266 841 2328 hominibus
872 2267 996 2344 despici
1074 2263 1075 2292 l

241 2376 273 2426 et
316 2365 490 2442 reprobari.
551 2364 712 2425 Miserere
756 2365 997 2442 imperfectioni

203 2480 333 2527 aomeae
364 2472 396 2524 et
429 2456 576 2523 conforta
610 2478 666 2521 cor
699 2479 807 2523 meum
844 2463 883 2523 ad
919 2464 999 2524 tole·

241 2560 340 2620 randa
354 2568 483 2619 austera
497 2559 667 2620 hominum
678 2561 787 2637 verba,
802 2562 854 2621 vel
867 2562 998 2638 quando

241 2657 273 2717 in
296 2657 412 2718 faciem
438 2657 517 2718 milri
540 2657 698 2734 ingeritur
719 2658 918 2720 verecundia
940 2677 998 2736 pro

240 2755 441 2816 excessibus
477 2753 525 2814 Tu
541 2754 627 2816 enim
645 2756 744 2816 multa
760 2757 999 2817 contumeliosa

240 2855 338 2915 verba
366 2870 424 2930 pro
452 2869 505 2912 me
532 2852 720 2929 despicabili
746 2864 917 2930 peccatore
939 2856 999 2915 mi-

203 2949 366 3010 astissime
395 2949 573 3025 pertulisti,
602 2950 678 3026 quia
706 2968 833 3012 summe
862 2952 1000 3012 humilis

241 3047 341 3124 luisti,
363 3048 498 3123 insuper
519 3057 551 3107 et
573 3047 703 3108 vincula
717 3058 750 3108 et
766 3048 903 3108 verbera
925 3048 1000 3109 sine

240 3146 382 3219 querela.
435 3143 463 3205 O
495 3162 591 3221 quarn
624 3146 793 3206 dissimilis
824 3164 897 3207 sum
929 3149 1001 3224 tibi,
1070 3171 1071 3183 2

240 3258 336 3319 quam
358 3243 454 3318 longe
474 3241 558 3302 disto
574 3243 612 3302 ab
628 3243 810 3305 humilitate
830 3262 920 3322 vera,
942 3247 1000 3324 qui

240 3348 371 3416 propter
393 3339 552 3399 modicam
575 3339 726 3401 iniuriam
743 3342 795 3402 vel
812 3342 1002 3404 inconside-

203 3445 344 3497 eoratum
367 3438 502 3498 verbum
532 3437 565 3497 in
593 3438 736 3498 hominis
757 3439 1000 3515 displicentiam

240 3536 329 3597 cado.
373 3535 410 3596 Et
439 3554 512 3597 curn
542 3546 674 3614 propter
701 3537 813 3598 utilem
843 3538 924 3598 mihi
951 3557 1004 3598 ar·
1068 3621 1069 3627 ἵ

606 3643 632 3683 so
