2142 4172
224 625 386 700 dulciora,
421 625 513 701 quasi
549 625 590 685 de
625 625 715 684 caelo
750 624 829 683 mibi
867 633 982 685 essent

224 723 425 784 transmissa.

264 819 362 896 Aperi
386 821 465 880 mihi
494 820 695 880 intellectum
719 820 841 880 clarum
870 819 903 879 in
927 821 984 880 ob-

224 920 330 980 scuris
352 928 482 979 sanctae
498 918 677 994 scripturae
693 917 775 978 locis
790 927 822 978 et
837 920 982 979 accende

201 1034 281 1078 scor
302 1033 411 1076 meum
440 1016 515 1093 igne
536 1016 657 1076 amoris
685 1015 731 1075 tui
761 1015 795 1074 in
820 1016 927 1092 planis
949 1025 982 1076 et

224 1115 351 1177 devotis
361 1115 535 1175 verborum
551 1124 680 1175 tuorum
697 1114 880 1189 sententiis,
895 1114 982 1174 sicut

225 1213 330 1273 fecisti
360 1231 435 1273 cum
463 1214 590 1273 duobus
619 1212 691 1273 istis
720 1212 890 1289 disprulis
915 1213 981 1273 tuis

224 1329 264 1371 ex
278 1320 333 1371 tua
347 1312 547 1389 apparitione
563 1321 594 1371 et
610 1310 805 1371 allocutione
820 1311 982 1387 accensis,

224 1407 278 1484 qui
301 1408 422 1484 pariter
442 1410 476 1470 in
498 1409 550 1469 via
571 1409 672 1470 verbo
695 1408 755 1469 Dei
782 1417 814 1468 et
836 1407 908 1468 cibo
931 1426 981 1469 re·

190 1527 214 1568 ro
225 1505 299 1565 lecti
337 1523 411 1566 cum
441 1507 614 1584 gratiarum
651 1506 778 1566 actione
813 1506 980 1566 dicebant:

225 1603 342 1663 Nonne
365 1620 421 1663 cor
435 1613 582 1663 nostrum
599 1602 717 1663 ardens
738 1612 807 1662 erat
828 1603 861 1663 in
884 1603 980 1664 nobis

224 1701 263 1760 de
288 1700 372 1776 lesu,
394 1701 470 1760 dum
493 1702 682 1776 loqueretur
703 1700 798 1759 nobis
819 1700 853 1762 in
873 1700 926 1760 via
947 1710 980 1760 et

223 1799 363 1874 aperiret
391 1799 486 1859 nobis
515 1799 719 1875 scripturas?
768 1799 858 1858 Haec
880 1798 981 1857 verba

224 1896 419 1957 suavissima
454 1907 529 1956 sunt
560 1907 592 1958 et
625 1897 837 1957 devotissima
867 1904 899 1954 ct
934 1896 980 1954 le·

189 2004 342 2071 reguntur
370 2004 402 2055 et
428 2003 597 2054 cantantur
625 1994 657 2054 in
688 1997 788 2055 choro
810 2011 828 2054 a
849 1992 979 2053 clericis
1055 2067 1056 2070 Ἴ

223 2102 255 2153 et
276 2092 494 2168 presbyteris,
516 2111 534 2152 a
556 2093 722 2152 canonicis
745 2102 776 2153 et
798 2091 980 2164 monachia,

223 2209 241 2250 a
263 2191 489 2250 claustralibus
512 2200 544 2251 et
565 2190 761 2251 monialibus
784 2188 904 2250 diversi
928 2205 978 2248 01·-

223 2287 308 2347 dinis
331 2297 362 2346 et
384 2288 514 2346 habitus
535 2287 709 2363 praecipue
731 2287 764 2347 in
787 2287 903 2346 diebus
924 2304 978 2361 pa·

222 2384 388 2445 schalibus
398 2395 430 2444 et
441 2386 644 2460 quorundam
656 2393 841 2445 sanctorum
855 2383 979 2443 festivi-

185 2507 212 2548 ω
222 2482 340 2542 tatibus
363 2482 490 2542 devotis
505 2482 670 2542 mentibus
685 2490 717 2542 et
732 2482 868 2541 vocibus
884 2481 978 2542 laetis
1055 2489 1056 2496 ’

223 2581 262 2641 ad
285 2580 346 2641 Dei
370 2580 498 2639 laudem
522 2589 554 2640 et
576 2589 761 2640 sanctorum
785 2580 866 2640 eius.

262 2677 292 2739 Ο
315 2695 430 2737 omnes
453 2676 554 2737 sancti
579 2677 657 2753 Dei,
679 2687 768 2738 orate
789 2696 847 2754 pro
869 2677 979 2754 negle-

221 2776 340 2853 gentiis
351 2776 445 2851 meis,
461 2776 614 2852 quamdiu
626 2776 816 2853 peregrinor
826 2774 859 2834 in
871 2775 978 2850 terris,

222 2873 298 2950 quia
328 2873 459 2948 saepius
493 2890 594 2933 vexor
629 2874 734 2933 adhuc
769 2872 978 2949 passionibus

185 2972 310 3038 25intus
332 2980 364 3031 et
387 2971 477 3047 loris,
498 2988 540 3031 ne
556 2971 668 3031 vincar
689 2972 753 3031 heu
776 2970 977 3046 aspiritibus

223 3069 373 3146 malignis
396 3079 428 3128 et
442 3069 552 3145 priver
566 3069 693 3146 gaudiis
707 3069 850 3129 aeternis
872 3068 977 3129 servis

222 3167 347 3228 Christi
370 3167 542 3243 promissis
564 3167 597 3226 in
621 3167 731 3242 caeliS,
755 3184 838 3243 quae
861 3166 976 3227 merito

221 3266 339 3325 debent
370 3281 423 3324 me
453 3281 631 3341 provocare
660 3265 699 3325 ad
731 3264 974 3340 repugnandum

222 3363 348 3423 fortiter
379 3373 490 3422 contra
520 3363 655 3422 vitiosas
686 3362 914 3422 inclinationes
945 3372 977 3422 et

185 3460 330 3527 socordis
352 3460 564 3536 cogitationes
585 3476 644 3535 per
658 3460 791 3519 devotas
813 3459 976 3519 orationes

223 3566 254 3617 et
270 3565 398 3616 sanctas
413 3556 641 3617 meditationes
654 3557 693 3617 de
704 3557 770 3617 vita
783 3567 814 3617 et
824 3557 975 3634 passione

577 3661 618 3704 282
