2152 4174
96 445 844 558 monem&

280 694 552 772 [CAPITVLVM
576 693 658 770 XV.]

116 847 163 906 De
183 844 409 921 expoliatione,
432 843 593 913 illusione,
616 840 823 902 coronatione

147 957 178 1013 et
195 950 400 1028 percussione
421 949 537 1026 capitis
558 947 688 1008 Domini
709 947 788 1006 lesu.

92 1064 339 1286 &medico
360 1129 392 1180 et
406 1119 525 1197 gratiss
540 1137 599 1196 ugo
614 1117 682 1193 tibi,
705 1117 845 1179 Domine

224 1221 298 1280 lesu
311 1218 455 1294 Christe,
469 1235 525 1278 rex
537 1218 647 1278 inclite
659 1227 869 1278 sanctorums

91 1327 124 1377 et
147 1316 275 1394 lulgens
296 1326 448 1377 aeternae
472 1316 593 1393 gloriae
622 1332 759 1390 corona,
787 1332 845 1392 pro

1 1437 2 1452 2
90 1413 203 1474 multis
224 1413 378 1474 inauditis
397 1412 546 1474 ludibriis
562 1422 594 1473 et
608 1412 845 1487 vexationibus,

89 1511 210 1588 quibus
231 1511 338 1571 denuo
361 1510 496 1587 coepisti
526 1512 565 1570 ab
587 1511 696 1588 impiis
717 1510 846 1571 tortori·

90 1610 153 1670 hus
181 1608 344 1684 exerceri,
375 1609 451 1668 dum
481 1609 679 1670 amilitibus
702 1609 845 1684 indignis

89 1709 122 1769 in
147 1709 343 1785 praetorium
366 1708 484 1768 iudicis
501 1725 538 1768 es
554 1708 767 1783 introductus,
788 1707 843 1766 uhi
857 1723 881 1763 10

89 1816 284 1882 congregata
325 1805 479 1865 universa
525 1806 659 1865 cohorte
704 1803 844 1881 propriis

88 1902 296 1963 vestimentis
337 1903 475 1980 turpiter
517 1903 698 1980 expoliatus
740 1920 777 1963 es
812 1910 844 1961 et

0 2051 1 2054 ,
87 2000 261 2078 chlamyde
293 2000 446 2061 coccinea
477 2000 618 2061 derisive
650 2000 767 2061 iterum
796 1999 843 2060 in-

85 2100 197 2174 dutus,
219 2108 253 2158 ut
275 2115 336 2158 nos
358 2098 445 2158 omni
469 2098 588 2158 virtute
603 2115 725 2158 vacuos
746 2098 843 2175 pallio

84 2207 162 2257 tuae
178 2195 359 2255 sanctitatis
374 2194 529 2255 indueres
544 2212 720 2255 aemorum
737 2194 846 2255 suevi·
856 2211 880 2252 rs

82 2303 151 2354 tate
175 2293 358 2353 decorares.

127 2391 239 2450 Laudo
261 2399 293 2450 et
312 2389 457 2466 glorifico
473 2399 506 2450 te
520 2390 654 2467 speciali
670 2390 844 2451 devotione

1 2498 2 2510 ¹
80 2487 284 2564 compassivi
306 2488 414 2548 cordis
429 2487 493 2547 mei
510 2505 568 2564 pro
583 2497 638 2549 tue
652 2489 845 2565 gravissima

79 2602 202 2662 poena,
224 2601 320 2662 quam
343 2585 377 2645 in
399 2585 483 2644 sacri
507 2586 621 2663 capitis
643 2586 689 2645 tui
712 2587 845 2663 spinosa

79 2682 302 2743 coronatione
321 2699 379 2758 pro
394 2682 489 2741 nobis
504 2683 640 2743 abiectis
655 2683 845 2744 vermiculis
855 2699 881 2741 ao

0 2795 3 2810 ’
77 2779 325 2857 patientissime
341 2779 513 2855 pertulisti.
539 2779 628 2839 Tunc
644 2781 731 2841 enim
747 2782 845 2842 hene-

77 2877 209 2938 dictum
238 2887 334 2953 caput
364 2885 454 2936 tuum
482 2893 583 2952 super
604 2895 719 2939 omnes
742 2879 844 2940 Naze-

77 2992 160 3035 reos
191 2973 428 3034 sanctificatum
458 2983 545 3034 tants
574 2975 739 3051 spinarum
767 2978 844 3038 den·

1 3081 2 3084 ’
77 3073 181 3133 sitate
212 3072 272 3133 luit
301 3071 517 3147 constipatum
548 3079 580 3131 et
604 3089 708 3149 usque
731 3074 769 3134 ad
792 3092 843 3134 ce·
938 3139 941 3146 ,

77 3170 170 3230 rebri
206 3169 459 3231 teneritudinem
491 3169 670 3245 asperrime
701 3171 880 3247 perfora-as

76 3277 171 3344 tum,
199 3277 235 3328 ut
264 3266 342 3343 largi
368 3265 536 3342 sanguinis
559 3266 619 3326 rivi
642 3284 700 3342 per
722 3270 841 3329 collum

0 3392 1 3395 ¹
77 3375 112 3424 et
142 3381 260 3440 aures,
288 3380 347 3441 per
375 3364 488 3423 oculos
517 3372 549 3423 et
575 3380 675 3440 genas
698 3366 841 3445 undique

79 3461 225 3523 lluerent
253 3471 351 3538 atque
380 3460 508 3521 dulcem
539 3461 655 3523 laciem
677 3474 764 3524 tuam
788 3465 842 3524 vix

79 3560 190 3621 adhuc
213 3561 253 3620 de
277 3559 417 3620 Iudaicis
440 3559 544 3636 sputis
567 3559 719 3621 siccatam
742 3570 840 3621 totum

449 3665 476 3706 ss
