2194 4180
229 567 326 627 nibus
348 566 464 627 diebus
486 566 572 626 vitae
594 583 674 626 suae
703 566 736 626 in
765 567 828 626 hoc
850 567 984 627 mundo.

231 664 259 726 Ο
298 681 394 741 quam
433 663 607 740 diligenter
649 663 827 740 gloriosum
863 682 984 741 corpus

229 772 320 823 tuum
337 761 442 822 oculis
457 761 527 821 suis
542 761 678 837 aspexit,
700 762 786 838 quod
808 772 903 822 antea
917 764 982 823 heu

229 860 338 920 saevis
360 858 497 936 flagellis
519 859 644 919 duriter
672 876 804 920 caesum
827 860 930 920 doluit
951 869 984 919 et
1090 917 1091 928 ,

206 957 316 1034 sligno
347 956 456 1017 crucis
486 955 573 1032 alfigi
605 974 642 1016 ac
673 957 786 1017 lancea
814 957 927 1018 militis
948 958 982 1017 in

228 1057 341 1116 dextro
363 1056 463 1115 latere
492 1071 511 1114 a
533 1053 678 1130 Longino
706 1054 865 1130 perforari
891 1053 983 1129 vidit,

228 1163 260 1212 et
295 1152 424 1212 tandem
460 1161 624 1212 mortuum
660 1161 692 1211 et
734 1151 767 1211 in
803 1151 980 1228 sepulchro

229 1252 375 1311 clausum
407 1250 515 1310 iacuit.
559 1249 701 1325 Ideoque
732 1249 849 1309 merito
885 1249 982 1309 hodie

227 1359 259 1409 te
281 1356 456 1425 apparente
471 1347 504 1407 in
519 1346 622 1423 gloria
636 1346 742 1406 Maria
756 1346 852 1407 solito
868 1346 984 1407 laetior

194 1467 218 1508 ιο
229 1446 311 1506 lacta
333 1455 383 1506 est
398 1455 430 1506 et
444 1445 540 1505 novis
555 1444 834 1505 consolationibus
849 1446 983 1522 repleta,

227 1561 310 1621 quae
333 1544 366 1604 in
387 1543 541 1620 passione
562 1559 639 1619 prae
655 1542 775 1602 ceteris
796 1542 905 1602 acrius
927 1543 983 1602 do·

227 1641 286 1701 luit
317 1651 349 1701 et
380 1641 515 1701 uberius
545 1639 635 1700 flevit
664 1650 696 1701 et
724 1640 845 1700 multos
867 1656 981 1701 secum

227 1740 266 1799 ad
295 1738 530 1799 lacrimandum
562 1738 749 1798 commovit.
800 1737 891 1799 Tunc
922 1739 982 1800 im-

226 1837 321 1914 plesti
344 1837 481 1897 verbum
504 1845 613 1911 tuum,
645 1836 803 1912 Domine,
831 1838 918 1914 quod
946 1838 981 1898 in

193 1957 217 1996 rs
227 1952 308 1995 cena
322 1935 480 2011 apostolis
502 1934 569 1994 tuis
583 1951 642 2010 pro
664 1934 786 1994 solacio
801 1935 982 2010 promisisti

226 2032 313 2092 etin
336 2042 438 2093 matre
460 2041 515 2092 tua
542 2031 663 2092 alilicta
684 2032 845 2092 veraciter
872 2041 983 2094 osten·

225 2130 301 2190 disti
323 2130 453 2190 dicens:
482 2129 556 2189 Non
579 2129 761 2205 relinquam
783 2146 843 2189 vos
865 2132 982 2206 orpha·

225 2244 303 2301 nos,
333 2227 463 2287 veniam
493 2227 614 2287 advos
643 2236 675 2287 et
699 2227 818 2287 videbo
839 2246 916 2304 vos,
947 2238 982 2290 et

224 2324 377 2400 gaudebit
407 2342 464 2384 cor
491 2334 656 2400 vestrum,
687 2334 719 2385 et
749 2326 902 2402 gaudium
924 2344 981 2386 ve·

188 2431 329 2488 20strum
351 2439 449 2483 nemo
471 2423 563 2483 tollet
584 2440 603 2482 a
623 2422 728 2483 vobis.

266 2521 357 2581 Bene
368 2521 486 2597 fecisti,
497 2520 619 2597 optime
631 2521 716 2596 Iesu,
732 2521 979 2584 dilectissimam

224 2628 360 2680 matrem
389 2628 476 2679 tuam
507 2618 649 2678 filialiter
676 2618 856 2695 visitando,
886 2637 982 2681 reve-

224 2727 334 2778 renter
368 2717 556 2791 salutando,
598 2716 738 2777 dulciter
772 2717 981 2795 alloquendo,

223 2814 409 2875 cordialiter
431 2814 639 2890 consolando,
668 2815 783 2875 laetam
807 2815 924 2877 faciem
947 2817 980 2878 ei
1090 2819 1091 2844 ¹

186 2913 426 2973 250stendendo
457 2922 488 2972 et
519 2928 650 2973 omnem
686 2912 849 2973 tristitiam
880 2923 980 2991 atque
1090 2907 1091 2910 ’

223 3008 373 3069 lacrimas
401 3009 570 3069 dolorosas
592 3009 631 3068 ab
659 3008 765 3069 oculis
793 3009 866 3070 eius
887 3012 980 3073 aule·

221 3107 334 3167 rendo.
376 3107 459 3167 Nam
491 3115 523 3166 te
554 3106 625 3165 solo
655 3106 728 3167 viso
759 3106 840 3184 iugit
868 3110 980 3170 omnis

221 3203 360 3263 doloret
374 3203 525 3279 gemitus,
547 3211 580 3262 te
595 3202 750 3279 loquente
771 3204 810 3263 ad
833 3221 890 3265 cor
904 3206 980 3267 eius

221 3301 383 3377 requievit
404 3301 438 3361 in
470 3317 508 3360 ea
540 3300 676 3376 spiritus
698 3301 873 3377 paraclitus
901 3304 979 3380 plus

184 3416 317 3476 coquam
340 3398 373 3457 in
395 3397 553 3473 apostolis
575 3397 742 3458 inebrians
764 3399 885 3462 laetitia
909 3419 980 3462 om·
1090 3423 1091 3436 ¹

220 3496 274 3555 nia
288 3495 444 3555 interiora
466 3495 548 3555 eius.
578 3495 616 3555 Et
632 3496 687 3572 qui
709 3495 787 3557 olim
803 3497 836 3557 in
852 3500 979 3575 nuptiis

578 3601 618 3642 254
