2194 4180
111 611 211 670 etiam
246 612 292 672 tui
330 613 514 674 meminisci
546 632 663 691 poscas
698 616 731 676 in
769 634 869 694 regno

112 709 289 770 caelorum.

154 806 263 868 Tertio
286 808 508 869 beatissimam
531 821 665 870 matrem
692 829 784 872 suam
807 813 870 874 vir·

110 905 222 982 ginem
246 906 381 966 Iohanni
404 907 521 984 virgini
551 909 808 987 commendavit,
835 922 870 971 ut

110 1013 147 1063 tu
163 1003 197 1063 in
207 1021 310 1080 agone
322 1005 518 1065 constitutus
529 1006 568 1065 ad
580 1007 892 1070 clementissimams

111 1109 249 1161 matrem
273 1101 344 1162 eius
368 1102 516 1178 Mariam,
538 1121 716 1180 pauperum
739 1106 870 1167 adiutri-

111 1216 196 1274 cem,
219 1200 378 1260 instanter
392 1200 562 1278 confugias
577 1202 706 1279 ipsique
729 1212 761 1263 et
775 1203 869 1263 beato

110 1297 259 1373 apostolo
283 1297 418 1358 Iohanni
448 1309 544 1375 atque
566 1300 718 1361 omnibus
749 1301 870 1361 sanctis

109 1406 144 1456 te
176 1394 315 1455 sollicite
344 1397 565 1457 commendes.
609 1398 869 1460 Commendare

109 1493 210 1553 etiam
259 1492 393 1554 fratrum
441 1504 570 1555 tuorum
619 1506 869 1573 ceterorumque
881 1521 906 1560 ιο

110 1589 443 1666 fidelium'precibus,
464 1603 499 1652 ut
521 1592 566 1652 tui
597 1593 770 1670 dignentur
797 1605 870 1670 post

110 1687 235 1748 exitum
259 1705 333 1748 esse
358 1706 521 1750 memores
543 1690 576 1749 in
603 1691 724 1768 vigiliis
746 1692 816 1751 suis
838 1703 870 1752 et

108 1787 145 1846 in
170 1787 290 1846 missis.

154 1884 279 1961 Quarto
296 1885 437 1945 ostendit
459 1903 495 1945 se
512 1886 605 1946 Iesus
621 1887 812 1948 derelictum
836 1887 868 1947 in

108 1982 239 2058 poenis,
261 1990 295 2042 ut
317 1993 350 2042 tu
373 1983 540 2044 doloribus
554 1995 705 2060 gravatus
723 2003 788 2045 non
811 1985 869 2045 im·
882 2010 906 2050 15

108 2079 274 2156 patienter
296 2079 399 2155 ieras,
427 2081 454 2140 si
477 2099 542 2141 non
566 2081 668 2143 fueris
690 2084 796 2144 statim
820 2101 870 2144 re·

109 2179 251 2252 levatuS,
272 2177 330 2238 sed
353 2179 414 2238 Dei
437 2180 631 2240 ordinationi
662 2181 694 2240 in
717 2182 869 2241 omnibus

109 2285 144 2334 te
168 2275 349 2335 submittas.

154 2373 279 2450 Quinto
301 2374 360 2434 ait:
384 2375 475 2450 Sirio,
497 2385 532 2436 ut
553 2385 586 2436 tu
604 2377 644 2438 ad
661 2378 777 2452 Deum,
801 2378 869 2438 ion·

109 2481 179 2530 tem
196 2471 317 2547 vivum,
339 2473 491 2533 ardenter
505 2474 597 2533 sitias
612 2475 789 2551 cupiasque
806 2475 906 2540 dis-20

12 2641 13 2644 Ἴ
109 2567 197 2626 solvi
230 2578 261 2627 et
290 2585 364 2629 esse
394 2587 468 2630 cum
492 2570 636 2632 Christo.
681 2572 752 2632 Hoc
781 2572 868 2632 enim

12 2669 13 2700 ³
109 2665 216 2726 multo
242 2667 378 2742 melius,
406 2685 502 2744 quam
526 2669 648 2729 diutius
669 2670 868 2746 peregrinari

108 2764 144 2823 in
169 2764 301 2823 saeculo
323 2774 355 2824 et
376 2765 476 2825 variis
505 2766 610 2826 adhuc
640 2766 762 2826 involvi
786 2768 869 2843 peri·

107 2859 207 2921 culis.

154 2957 253 3018 Sexto
268 2959 401 3035 protulit
416 2962 707 3022 consummationis
723 2963 869 3036 verbum,
879 2990 906 3031 25

108 3065 147 3117 ut
184 3065 218 3115 tu
254 3055 379 3117 dierum
416 3068 545 3119 tuorum
577 3076 717 3120 cernens
753 3060 868 3119 adesse

109 3155 213 3214 finem
244 3171 302 3230 pro
333 3155 421 3215 omni
457 3155 542 3216 bono
578 3167 709 3234 peracto
746 3157 869 3217 referas

109 3255 185 3314 Deo
212 3253 340 3314 laudem
363 3263 412 3329 et,
442 3253 599 3331 quidquid
631 3255 740 3314 minus
762 3255 869 3333 egisti,

107 3361 205 3431 petas
226 3369 285 3428 per
307 3351 477 3412 Christum
499 3353 624 3430 integre
646 3353 801 3431 suppleri.

155 3449 300 3526 Septimo
322 3449 452 3509 tradidit
471 3450 612 3510 animam
633 3468 725 3511 suam
748 3451 781 3511 in
804 3469 906 3512 ma-so

108 3565 176 3608 nus
200 3547 305 3607 Patris
327 3564 400 3607 cum
424 3547 564 3608 clamore
587 3549 704 3624 valido,
725 3559 760 3608 ut
781 3559 813 3608 et
835 3559 868 3609 tu

476 3654 514 3694 no
