2142 4172
93 655 221 717 Christi
245 654 419 715 recolendo
436 653 523 713 omni
543 654 595 714 die
611 671 712 715 unum
735 654 850 714 saltem

92 752 266 812 articulum
296 752 336 812 de
365 761 429 812 tam
459 752 571 812 multis
599 752 791 812 vulneribus
820 761 851 812 et

93 850 262 910 doloribus
285 849 417 910 Domini
447 850 512 910 mei
542 851 617 910 lesu
640 849 765 912 Christi
793 868 851 926 pro

92 963 149 1007 me
171 945 327 1006 crucifixi.
357 945 463 1007 Cuius
479 946 615 1006 vulnera
630 955 706 1006 sunt
723 948 851 1008 animae

42 1089 44 1092 -
92 1060 188 1105 meae
210 1043 442 1119 medicamina,
466 1053 498 1104 et
520 1061 613 1103 sacra
633 1045 733 1104 verba
753 1062 873 1105 aureas

92 1152 188 1204 scuta
198 1151 310 1202 contra
319 1142 443 1202 inimici
455 1142 555 1219 ignita
569 1142 642 1202 tela.
665 1141 755 1202 Assit
770 1142 850 1203 mihi

92 1241 216 1318 ubique
237 1240 346 1301 divina
370 1241 528 1317 protectio
552 1241 585 1301 in
609 1241 697 1301 omni
722 1241 795 1300 loco
820 1251 852 1301 et

92 1350 242 1415 tempore
253 1356 327 1399 cum
340 1339 481 1415 Spiritus
492 1339 595 1399 sancti
607 1339 718 1416 gratia.
734 1338 851 1400 Amen.

278 1530 550 1608 [CAPITVLVM
574 1532 673 1608 ΧΙΙΙ.]

93 1657 142 1716 De
169 1654 373 1730 apparitione
403 1653 520 1714 Christi
550 1671 657 1714 coram
685 1654 852 1730 discipulis
863 1670 888 1710 10

94 1755 129 1814 in
147 1754 318 1814 Ierusalem
339 1769 408 1813 sero
424 1755 517 1830 socio
541 1757 573 1813 et
592 1753 712 1813 clausis
734 1752 851 1812 ianuis.

94 1864 343 2085 &medico
360 1929 391 1981 et
406 1921 525 1998 gratias
540 1938 599 1998 ago
619 1920 687 1996 tibi,
710 1920 851 1980 Domine

229 2020 304 2080 lesu
335 2018 486 2094 Christe,
517 2037 578 2095 pax
608 2036 686 2079 vera
713 2017 852 2094 piorum,

93 2117 275 2192 expectatio
305 2116 483 2191 iustorum,
511 2115 633 2175 laetitia
659 2116 851 2176 devotorum

94 2215 129 2274 ivn
153 2232 253 2274 unum
277 2222 555 2290 congregatorum,
578 2213 762 2272 consolator
777 2221 887 2273 con-¹5

94 2311 244 2372 tritorum
268 2320 299 2371 et
321 2311 469 2371 visitator
490 2310 692 2370 inclusorum
718 2328 776 2386 pro
798 2320 854 2371 tua

93 2409 236 2488 gloriosa
257 2420 289 2470 et
311 2409 506 2470 miraculosa
521 2408 723 2486 apparitione
743 2424 851 2466 coram

93 2507 251 2585 apostolis
267 2507 331 2567 tuis
347 2507 380 2567 in
397 2507 542 2568 conclavi
559 2504 762 2583 congregatis
778 2521 852 2564 sero

93 2607 159 2666 iam
183 2605 266 2664 facto
296 2605 385 2664 nullo
415 2604 581 2680 aperiente
609 2620 671 2664 nec
693 2603 853 2678 pulsante,

94 2703 155 2764 sed
184 2720 241 2778 pro
271 2702 419 2763 custodia
446 2702 562 2762 domus
592 2703 632 2761 ob
656 2709 778 2761 metum
802 2702 889 2761 lu-20

95 2803 250 2862 daeorum
280 2800 387 2861 ianuis
416 2809 448 2861 et
479 2800 633 2860 fenestris
665 2798 852 2859 firmissime

94 2900 159 2961 iam
182 2898 313 2974 clausis,
334 2907 495 2974 quatenus
517 2898 565 2958 sic
580 2914 658 2957 vere
680 2905 712 2956 et
730 2896 853 2956 certive

95 3006 265 3074 appareret
294 3006 349 3057 tua
377 2996 533 3073 apparitio
563 3005 594 3056 et
622 2993 783 3073 ingressio
813 3010 853 3053 ex

95 3095 166 3154 sola
187 3093 298 3153 divina
318 3093 472 3169 potentia,
493 3109 558 3152 non
581 3101 689 3152 autem
712 3093 853 3151 humana

94 3192 127 3252 vi
159 3200 214 3251 aut
244 3191 390 3267 nequitia
419 3201 474 3250 aut
509 3190 666 3250 diabolica
700 3189 889 3249 illusioneae

94 3290 216 3350 ibidem
254 3288 411 3349 fallaciter
446 3287 593 3348 conficta.
643 3287 725 3346 Nam
761 3286 853 3345 Deus

94 3405 195 3448 verus
226 3405 280 3463 es,
311 3388 365 3464 qui
397 3404 463 3446 non
496 3386 597 3462 fallis,
633 3386 691 3445 sed
721 3385 852 3445 fallaces

95 3485 168 3546 odis
190 3494 222 3545 et
243 3485 350 3560 punis.
393 3484 610 3559 Omnipotens
633 3500 685 3559 es,
715 3492 746 3543 et
768 3483 852 3558 ideo,

96 3582 255 3660 quidquid
277 3582 432 3657 volueris,
456 3582 563 3641 subito
586 3580 629 3640 fit.

457 3687 498 3728 aaa
