2194 4180
100 450 166 527 Ψ
183 446 377 543 {2⁴42
394 497 424 550 11,
437 497 455 546 ι,
468 439 816 552 tow

80 630 206 690 audiens
220 631 339 706 gallum
356 640 486 689 cantare
502 629 534 689 in
550 631 680 706 publico
696 641 751 692 aut
769 633 825 693 ali·

80 746 154 806 quas
175 745 250 788 aves
278 727 311 789 in
341 745 455 805 campo
478 737 651 789 monentes
679 747 731 791 me
761 731 824 791 cito

79 842 203 904 surgere
225 827 265 886 de
287 826 407 886 lectulo
429 835 461 886 et
483 844 575 887 orare
597 844 656 904 pro
673 829 825 889 omnibus

78 923 212 1000 peccatis
234 933 266 984 et
280 923 495 1001 neglegentiis
510 925 593 985 meis
609 925 661 985 die
677 943 713 986 ac
729 937 824 987 nocte

78 1022 244 1082 contractis
265 1022 299 1082 in
321 1022 452 1082 mundo.
834 1034 848 1075 ⁵

114 1120 180 1180 Vae
202 1119 299 1195 mihi,
326 1119 402 1196 quia
423 1137 496 1180 curn
519 1120 613 1181 beato
637 1121 738 1181 Paulo
760 1137 825 1180 non

78 1217 225 1277 continue
254 1217 428 1276 contristor
459 1227 490 1277 et
520 1218 612 1294 ploro
644 1218 683 1278 de
714 1219 826 1278 multis

77 1315 167 1374 malis
187 1314 270 1375 meis
285 1314 428 1375 scienter
441 1315 494 1375 vel
509 1315 697 1392 ignoranter
714 1317 825 1393 gestis,

76 1429 131 1487 pro
153 1411 269 1488 quibus
291 1411 443 1472 deberem
473 1412 590 1472 merito
618 1430 750 1490 semper
771 1415 826 1475 do·

76 1511 158 1584 lere,
185 1526 316 1586 gemere
338 1518 370 1569 et
391 1526 484 1569 orare
506 1519 538 1570 et
560 1510 668 1570 omnia
690 1511 826 1571 adversa
837 1525 862 1567 ro

75 1618 106 1666 et
126 1606 311 1683 gravamina
332 1606 495 1666 obviantia
515 1607 596 1667 rnihi
613 1608 773 1683 patienter
794 1617 826 1668 et

73 1705 126 1781 pie
148 1705 320 1765 sustinere.
797 1753 802 1766 .

114 1802 181 1863 Vae
209 1803 305 1878 mihi,
336 1803 412 1880 quia
441 1803 613 1880 puritatem
645 1803 748 1863 sancti
778 1803 826 1862 Io·

71 1899 189 1959 hannis
211 1901 347 1976 apostoli
370 1918 435 1960 non
458 1901 561 1961 habeo
584 1918 645 1961 nec
667 1900 824 1976 consequi

71 1995 181 2072 valeo;
203 2015 263 2058 nec
279 2007 387 2058 tamen
406 1999 447 2059 de
463 1999 647 2074 impuritate
665 2014 737 2058 mea
758 2008 825 2057 tan·
837 2014 861 2056 ts

69 2103 138 2152 turn
162 2094 268 2169 doleo,
288 2104 443 2172 quantum
467 2096 521 2156 ille
543 2096 583 2156 de
599 2097 735 2157 aliorum
751 2113 825 2171 pec-

69 2191 151 2251 catis
173 2192 275 2252 doluit
299 2203 330 2252 et
353 2193 450 2253 lievit.

111 2290 140 2352 O
172 2301 283 2351 sancte
316 2278 494 2365 Iohannes,
530 2291 647 2352 dilecte
680 2291 824 2366 apostole

70 2388 196 2449 Christi
208 2399 240 2448 et
251 2387 564 2459 fidelissimecustos
576 2388 688 2449 beatae
701 2388 824 2448 Mariae

68 2503 202 2563 semper
223 2486 369 2562 virginis
391 2486 528 2545 obsecro
550 2495 582 2546 te
607 2485 721 2546 humili
744 2503 861 2546 voceao

68 2593 100 2645 et
129 2593 324 2660 compuncto
354 2583 469 2657 corde,
497 2593 566 2644 asta
594 2583 673 2644 mihi
703 2582 826 2643 invita

67 2682 130 2741 ista
152 2683 314 2742 laboriosa
329 2690 361 2742 et
382 2681 415 2741 in
431 2691 535 2742 morte
552 2681 736 2759 periculosa
751 2697 824 2741 cum

66 2778 192 2854 illaria,
223 2789 324 2838 matre
355 2776 444 2851 lesu,
475 2787 506 2836 et
534 2777 658 2853 angelis
686 2778 825 2853 sanctis;

64 2876 154 2936 sicut
186 2876 315 2938 astitisti
346 2876 554 2936 beatissimae
585 2876 677 2935 matri
707 2875 824 2951 virgini

64 2974 192 3035 dolenti
215 2983 247 3035 et
261 2974 355 3035 valde
377 2973 557 3033 lacrimanti
580 2973 640 3033 sub
654 2990 761 3047 cruce,
783 2990 861 3034 neas

63 3072 254 3148 praevaleat
275 3081 387 3133 contra
408 3088 460 3131 me
483 3071 587 3131 hostis
609 3070 770 3147 malignus
792 3071 824 3130 in

63 3186 184 3246 agone,
206 3179 241 3230 ut
262 3171 324 3230 sim
347 3170 440 3230 fortis
463 3169 495 3229 in
519 3168 581 3228 fide
603 3177 635 3227 et
657 3166 825 3228 conlidens

62 3267 98 3326 in
116 3266 246 3328 Christi
267 3267 421 3342 passione
443 3275 474 3326 et
496 3273 682 3324 sanctorum
700 3265 825 3326 meritis

61 3373 97 3423 et
129 3363 301 3439 precibus,
332 3373 364 3424 et
391 3380 457 3423 non
487 3361 519 3421 in
542 3378 594 3420 me
614 3361 695 3437 ipso.
745 3362 826 3423 Sub·

61 3463 203 3524 veniant
224 3463 304 3523 mihi
326 3464 359 3523 in
375 3472 520 3523 extrema
534 3461 730 3522 necessitate
752 3474 861 3520 meaao

61 3561 207 3622 devotae
229 3577 345 3637 preces
366 3567 440 3620 tuae
462 3569 495 3620 et
512 3559 687 3635 praecipue
709 3573 825 3617 omnes

107 3669 205 3708 thomae
219 3678 233 3706 a
248 3667 276 3706 K.
292 3664 351 3707 Med.
433 3664 474 3705 273
692 3663 717 3703 18
