2142 4172
82 455 837 571 &Quam

81 651 232 712 cunditas
253 651 286 710 in
309 648 470 709 conviviis
492 658 524 708 et
538 647 678 708 maxima
700 648 837 708 dulcedo

80 750 116 810 in
140 748 268 826 organis
290 757 322 808 et
344 746 515 807 cantilenis
537 755 587 806 est
609 746 782 806 concordia
803 746 836 805 in

81 846 235 922 vocibus,
263 845 409 906 hilaritas
437 845 471 904 in
493 844 653 919 vultibus,
682 844 838 903 honestas

81 945 116 1004 in
139 944 295 1005 moribus.

125 1041 154 1102 Ο
170 1059 266 1118 quam
282 1043 418 1119 pulchra
437 1052 470 1103 et
484 1052 595 1102 sancta
610 1040 761 1114 societas,
782 1037 861 1098 ubis

82 1138 225 1214 Spiritus
246 1149 379 1202 sanctus
400 1141 492 1200 adest
513 1139 676 1217 magister,
701 1147 733 1198 et
754 1137 840 1197 inter

82 1238 201 1298 fratres
222 1237 389 1299 invenitur
403 1238 520 1298 caritas
540 1237 573 1297 in
590 1237 697 1310 corde,
720 1234 840 1295 veritas

82 1337 214 1410 inore,
241 1334 345 1411 pietas
371 1336 404 1396 in
434 1352 550 1412 opere,
578 1353 639 1411 pax
667 1332 840 1409 utrobique

81 1433 157 1493 sine
180 1433 311 1493 fictione
332 1443 364 1494 et
380 1433 503 1493 iraudis
520 1432 647 1492 timore.
677 1431 768 1490 Haec
790 1437 840 1489 est

81 1548 162 1592 vera
185 1530 385 1607 fraternitas,
414 1549 497 1608 quae
523 1547 700 1607 numquam
722 1527 841 1605 poterit
852 1541 877 1581 ro

81 1628 198 1688 violari
228 1630 404 1690 certamine
426 1646 488 1689 nec
518 1628 620 1705 frangi
647 1628 757 1688 labore
779 1643 840 1686 nec

82 1726 172 1787 vinci
194 1728 391 1804 gravamine,
413 1727 489 1804 quia
511 1727 627 1786 caritas
643 1725 704 1785 Dei
722 1724 841 1786 diffusa

82 1833 135 1884 est
171 1824 203 1884 in
239 1823 392 1884 cordibus
431 1825 553 1885 nostris
590 1841 649 1901 per
684 1823 839 1898 Spiritum

82 1931 251 1997 sanctum,
275 1922 330 1999 qui
353 1923 447 1983 datus
469 1931 519 1982 est
540 1920 736 1996 humilibus,
765 1939 840 1980 con-

81 2020 186 2096 tritio,
208 2019 337 2097 egeniS,
359 2020 555 2095 mansuetis,
581 2018 726 2095 pacificis
748 2028 779 2078 et
801 2020 839 2078 ad
852 2032 876 2073 15

83 2133 183 2176 omne
205 2132 287 2191 opus
302 2116 423 2175 bonum
446 2126 478 2176 et
500 2115 628 2175 laudem
645 2116 706 2175 Dei
729 2117 781 2176 die
803 2135 840 2176 ac

82 2223 182 2275 nocte
203 2213 332 2290 paratis.
369 2214 459 2273 Haec
482 2224 559 2274 sunt
580 2231 678 2290 opera
701 2212 841 2290 Spiritus

82 2311 200 2387 sancti,
222 2311 276 2388 qui
300 2311 405 2371 adhuc
427 2313 528 2372 multa
542 2313 627 2372 bona
646 2329 744 2388 opera
766 2329 841 2388 ope-

84 2419 175 2470 ratur
197 2409 229 2468 in
252 2409 402 2469 fidelibus
431 2409 501 2469 suis
522 2410 672 2470 dividens
694 2410 842 2487 singulis,

83 2516 182 2583 prout
207 2507 292 2582 vult,
320 2506 348 2566 si
377 2524 414 2566 se
442 2507 481 2567 ad
510 2507 643 2584 gratiam
673 2517 782 2584 aptant
810 2517 878 2568 etan

84 2603 259 2680 diligenter
294 2603 327 2663 in
358 2604 446 2664 omni
477 2614 550 2664 actu
586 2616 618 2666 et
648 2606 841 2683 cogitatione

84 2717 145 2761 cor
171 2718 267 2761 suurn
290 2702 486 2762 custodiunt.
530 2703 670 2780 Magnus
692 2713 724 2764 et
749 2705 842 2764 fortis

84 2807 139 2858 est
159 2798 249 2859 labor
277 2800 315 2859 ab
338 2799 527 2876 evagatione
556 2817 613 2860 cor
640 2801 673 2860 in
697 2802 842 2863 oratione

84 2896 285 2973 restringere
308 2907 340 2957 et
355 2906 497 2957 mentem
516 2915 589 2959 curn
608 2900 678 2959 Deo
695 2900 726 2959 in
750 2901 843 2977 spiri·

84 2994 166 3054 tuali
189 2995 461 3071 contemplatione
483 2996 587 3057 unire.
619 2998 686 3057 Etsi
703 2997 879 3073 Spiritus25

85 3100 201 3152 noster
222 3109 320 3169 saepe
342 3093 375 3152 in
398 3095 492 3154 bonis
509 3095 618 3155 delicit
640 3105 672 3155 et
693 3095 726 3154 in
748 3096 843 3156 malis

85 3189 225 3249 tabescit
237 3206 273 3248 ac
284 3189 377 3248 vanis
392 3189 540 3265 intendit,
556 3190 696 3266 Spiritus
711 3201 844 3252 sanctus

86 3298 197 3348 tamen
219 3287 337 3347 iterum
355 3288 534 3348 adveniens
556 3306 612 3349 cor
626 3299 773 3351 nostrum
796 3310 844 3351 ar-

86 3385 167 3463 guit,
190 3386 386 3462 compungit,
407 3387 567 3463 vulnerat,
589 3389 679 3465 ungit
694 3400 726 3449 et
743 3401 843 3450 sanat.

89 3483 165 3558 lpse
187 3483 281 3543 docet
305 3492 337 3542 et
358 3483 535 3560 illuminat,
563 3486 711 3546 humiliat
734 3488 768 3548 in
791 3490 881 3549 de-ao

89 3579 231 3640 lectibus
262 3579 433 3641 cotidianis
461 3591 493 3642 et
521 3583 669 3644 sublevat
699 3586 845 3646 consola-

450 3686 491 3729 ass
695 3688 738 3732 aa·
