2142 4172
236 641 415 692 aeternum.
465 631 570 693 Invite
599 633 723 693 avellor
750 633 788 692 ab
817 632 880 692 ista
908 632 998 693 bona
1054 601 1055 684 l

235 739 267 791 et
288 730 430 791 iucunda
445 729 601 790 societate
617 739 803 791 sanctorum
819 739 852 790 et
871 748 891 789 a
905 729 995 790 dulci

235 826 386 888 convivio
410 828 485 888 lesu
508 844 582 888 cum
605 827 776 904 discipulis
804 827 875 887 suis
897 827 932 887 in
958 826 996 886 li·

234 934 305 986 tore
327 925 436 986 maris.
480 925 588 1001 Cupio
611 925 699 986 enim
722 934 754 985 et
775 932 850 1001 peto
882 941 923 984 ex
946 923 995 982 in·

212 1022 314 1084 stimo
337 1023 445 1083 cordis
465 1023 531 1084 mei
554 1021 684 1099 affectu,
706 1032 741 1083 ut
762 1039 849 1082 unus
870 1039 912 1082 ex
935 1021 995 1081 rni-

235 1120 334 1181 nimis
357 1121 432 1181 lesu
454 1120 583 1182 dilectis
611 1119 782 1197 discipulis
811 1119 939 1180 efficiar
960 1119 995 1178 in

235 1218 398 1294 praesenti
419 1220 551 1279 saeculo
566 1236 626 1295 per
640 1228 861 1294 contemptum
878 1216 994 1278 mundi

236 1326 269 1378 et
289 1316 435 1377 omnium
458 1317 635 1378 labentium
658 1333 767 1377 rerum
786 1315 994 1377 abrenuntia·
1054 1349 1055 1368 t

235 1414 358 1474 tionem
389 1431 455 1474 non
486 1415 570 1474 meis
600 1414 726 1475 meritis
755 1423 788 1474 et
816 1413 995 1489 laboribus,

201 1512 294 1572 rosed
324 1510 426 1587 gratia
457 1511 518 1571 Dei
551 1521 582 1571 et
614 1511 825 1572 miseratione
858 1509 993 1569 Domini

236 1609 300 1668 mei
324 1609 399 1669 Iesu
423 1608 559 1686 Christi,
580 1620 743 1687 quatenus
764 1617 797 1669 et
825 1607 859 1669 in
882 1608 994 1669 futuro

236 1723 336 1783 regno
358 1706 430 1766 eius
452 1723 580 1768 merear
600 1708 640 1768 ab
662 1707 733 1783 ipso
755 1705 892 1781 visitari,
917 1722 994 1765 con·

236 1804 334 1865 solari
356 1814 388 1864 et
410 1821 484 1864 curn
507 1804 659 1865 omnibus
681 1804 803 1865 sanctis
825 1803 939 1864 laetari
962 1812 995 1863 et

236 1901 412 1962 beatificari
434 1903 469 1962 in
489 1901 601 1978 gloria.
643 1901 760 1963 Amen.

203 2093 229 2134 15
428 2067 699 2146 [cnrrrvuvrl
725 2067 808 2144 xxi

237 2211 284 2270 De
304 2209 504 2285 dulciloquio
525 2209 595 2268 lesu
617 2226 688 2269 cum
716 2213 828 2269 sancto
850 2208 943 2267 Petro
964 2213 997 2267 et

257 2311 370 2366 sancto
384 2306 528 2366 Iohanne
542 2307 690 2383 apostolo
711 2308 750 2367 de
764 2322 873 2367 amore
895 2307 973 2366 eius.

239 2417 485 2638 &medico
507 2484 539 2536 et
553 2474 673 2552 gratias
687 2493 745 2553 ago
761 2475 829 2551 tibi,
853 2475 994 2536 Domine

370 2575 444 2634 lesu
476 2573 629 2649 Christe,
665 2583 788 2634 amator
822 2575 992 2635 hominum
1054 2621 1055 2624 η

201 2670 473 2747 aubenignissime
504 2680 536 2730 et
566 2671 680 2731 doctor
707 2671 916 2747 parvulorum
946 2689 995 2732 sa·

238 2768 460 2845 pientissime,
502 2785 560 2845 pro
595 2769 682 2829 dulci
718 2769 882 2845 colloquio
919 2786 991 2828 curn

239 2875 350 2926 sancto
383 2865 479 2925 Petro
515 2864 555 2925 de
591 2883 701 2926 amore
732 2875 788 2927 tuo
818 2861 993 2942 praecipue

238 2963 342 3024 tribus
364 2962 491 3023 vicibus
513 2980 587 3024 eum
617 2963 847 3041 interrogando
879 2973 911 3024 et
940 2982 993 3041 pa·

239 3062 342 3122 rentis
363 3061 414 3120 sui
437 3060 570 3120 nomine
595 3061 766 3138 dignanter
786 3063 933 3123 vocando
961 3071 993 3122 et

203 3159 426 3235 asspecialiter
447 3158 671 3234 exprimendo,
699 3159 739 3221 de
761 3177 825 3236 quo
848 3160 919 3235 ipse
941 3160 993 3219 ad-

239 3254 349 3315 mirari
378 3263 503 3331 poterat
534 3264 566 3315 et
596 3256 741 3317 exultare
770 3258 992 3318 vehementer.

240 3352 327 3429 Quia
347 3370 422 3413 curn
444 3353 516 3429 ipso
538 3353 676 3430 loquens
692 3354 799 3414 solum
822 3353 862 3414 de
884 3371 994 3414 anrore

240 3450 354 3510 intimo
374 3450 530 3526 quaesisti
546 3451 676 3511 dicens:
699 3450 813 3511 Simon
829 3452 994 3528 iohannis,

241 3547 349 3624 diligis
371 3564 423 3606 me
445 3548 520 3622 plus
543 3548 621 3608 his?

599 3652 641 3694 32²
