2152 4174
238 435 984 546 Qfflmafflffiffi

231 625 336 685 virtus
346 624 385 684 ad
396 625 576 684 sanandum
587 641 702 701 aegros
713 623 828 683 exivit!
847 622 877 684 O
888 641 986 701 quam

232 730 363 782 sanctae
392 723 519 782 illarum
549 721 691 782 vestium
722 730 798 781 sunt
828 721 988 798 reliquiae

233 819 319 880 etin
342 830 460 896 quanta
477 819 688 881 veneratione
710 819 878 880 habendae
901 829 988 895 sunt,
1068 806 1069 846 l

232 917 430 995 ubicumque
458 918 623 995 potuerint
651 917 801 978 inveniri.
844 917 931 978 Vere
958 918 987 978 si

209 1016 353 1078 smilites
384 1017 429 1076 illi
462 1016 656 1091 scivissent,
692 1016 786 1075 cuius
820 1014 988 1092 dignitatis

233 1115 390 1190 luissent,
418 1114 605 1174 nullatenus
636 1131 692 1174 eas
723 1114 882 1190 rapaciter
912 1130 988 1174 con·

232 1212 408 1273 scidissent
436 1229 498 1272 nec
528 1211 584 1272 vili
616 1211 720 1288 pretio
752 1212 988 1286 vendidissent,
1069 1285 1070 1300 χ

232 1311 290 1371 sed
319 1327 446 1371 summa
474 1310 583 1386 potius
614 1308 780 1387 diligentia
811 1328 847 1370 ac
878 1309 988 1371 debito

232 1408 357 1468 honore
379 1407 412 1466 in
435 1406 577 1483 capsulis
602 1406 698 1467 etiam
728 1406 890 1483 argenteis
913 1423 989 1467 con·

199 1514 438 1580 reservassent,
466 1503 678 1580 pretiosiores
707 1504 869 1581 siquidem
895 1503 988 1565 luere

233 1601 359 1660 cunctis
390 1617 502 1678 regum
525 1600 632 1677 palliis
660 1601 853 1678 cunctisque
884 1602 989 1677 ponti·

233 1699 330 1759 licum
353 1698 483 1774 infulis,
512 1709 543 1760 et
565 1716 662 1759 omne
684 1699 900 1760 desiderabile
922 1716 990 1759 me-

233 1797 344 1856 tallum
373 1795 506 1872 dignum
535 1787 601 1855 non
630 1805 699 1855 erat
727 1796 776 1856 eis
798 1797 989 1873 comparari.

235 1893 298 1954 Sed
320 1893 439 1969 impios
462 1893 553 1953 latuit
575 1910 686 1953 earum
709 1894 864 1955 sanctitas
886 1904 918 1955 et
940 1913 991 1956 re-

200 2013 225 2056 ιε
233 1991 389 2066 verentia,
412 1990 465 2067 qui
488 1991 530 2050 ob
547 1991 700 2051 avaritiae
716 2008 795 2052 suae
809 1992 990 2069 ingluviem

234 2089 440 2149 saturandam
451 2105 517 2147 non
526 2088 698 2149 valuerunt
709 2088 865 2150 virtutum
877 2107 990 2150 earum

234 2186 357 2246 sentire
380 2185 597 2262 lragrantiam.
631 2186 694 2246 Pro
717 2187 809 2248 dolor
829 2188 992 2266 valdeque

235 2284 438 2360 deflendum,
467 2285 553 2361 quod
582 2292 646 2344 tam
672 2285 781 2345 nobile
803 2286 991 2348 clenodium

235 2381 282 2442 sic
297 2381 406 2442 viliter
428 2381 488 2442 luit
505 2381 680 2443 discissum
696 2393 793 2460 atque
808 2383 991 2444 ludentium

197 2488 323 2544 aosorte
341 2479 512 2556 direptum.
541 2478 700 2556 Aestimo,
722 2480 750 2540 si
766 2481 884 2557 aliquis
900 2499 993 2558 prae-

235 2586 351 2652 potens
371 2586 403 2637 et
418 2577 511 2637 dives
526 2594 566 2637 ex
582 2577 644 2637 iam
661 2577 848 2638 viventibus
864 2578 991 2641 Christi

236 2673 386 2734 fidelibus
408 2673 528 2734 ibidem
551 2674 718 2750 affuisset,
742 2676 829 2752 quod
852 2675 994 2736 libenter

235 2788 293 2846 pro
323 2770 547 2847 redemptione
576 2780 760 2832 sanctarum
790 2772 918 2834 illarum
943 2791 992 2834 re-

236 2868 409 2944 liquiarum
432 2885 593 2929 summam
609 2869 768 2945 pecuniae
783 2871 993 2947 exposuisset

199 2977 290 3033 aaut
331 2976 454 3043 partem
491 2966 630 3043 aliquam
668 2967 729 3026 sibi
766 2969 883 3029 exinde
919 2986 993 3045 pro-

236 3075 383 3126 curasset
414 3064 527 3141 sicque
558 3064 658 3124 nobili
691 3065 765 3126 dote
797 3065 916 3126 ditatus
953 3067 992 3127 ad

235 3163 365 3240 propria
386 3163 600 3223 laetabundus
623 3162 772 3224 redisset.

277 3261 315 3321 Et
343 3279 447 3332 nunc,
476 3279 494 3322 o
523 3260 720 3321 suavissime
743 3261 835 3335 lesu,
863 3261 993 3336 patiens

236 3358 390 3418 tolerator
427 3358 619 3418 iniuriarum
655 3358 849 3433 multarum,
884 3359 993 3422 tribue

200 3455 317 3521 mmihi
348 3456 401 3532 pia
430 3466 540 3516 mente
570 3456 627 3516 tibi
664 3457 702 3516 ad
734 3455 993 3533 magnitudinem

235 3553 357 3630 gloriae
391 3553 560 3631 laudisque
597 3563 762 3630 retexere,
790 3571 874 3630 quae
903 3555 995 3632 igno·

596 3659 636 3702 132
