2152 4174
117 416 856 527 mim-W

110 603 233 664 cunctis
261 605 511 679 poenalitatibus
546 606 616 666 suis
646 609 860 669 vehementer

108 701 166 761 sibi
188 702 384 763 condoluisti
407 711 439 762 et
460 721 565 780 usque
587 705 626 765 ad
649 706 756 766 crucis
771 706 861 782 igno·

108 799 238 859 minium
268 799 430 876 intrepido
459 801 597 877 vestigio
626 813 800 879 prosecuta
823 819 860 862 es

108 897 213 957 lesum
236 907 448 972 praeeuntem
470 899 705 976 discipulorum
727 919 793 962 non
815 910 860 961 at·

105 997 243 1058 tendens
259 997 367 1074 lugam
382 1014 491 1074 neque
503 999 696 1060 ludaeorum
708 1010 884 1061 metuenss

105 1094 290 1170 saevitiam,
321 1104 430 1171 parata
459 1095 568 1172 potius
597 1097 708 1157 subire
743 1113 858 1158 necem

104 1209 176 1252 cum
199 1192 290 1270 ipso,
318 1209 414 1269 quam
447 1194 634 1270 relinquere
657 1195 689 1254 in
712 1195 767 1255 tali
788 1211 859 1271 gra·

103 1289 233 1350 vamine
256 1289 369 1351 filium.

143 1387 321 1463 Benedico,
336 1389 432 1449 laudo
448 1399 480 1450 et
495 1392 702 1467 superexalto
717 1400 759 1468 te,
781 1391 858 1451 lide·

100 1485 228 1546 lissima
242 1495 275 1546 et
289 1487 512 1547 amantissima
526 1497 630 1549 mater
645 1489 718 1565 Dei,
738 1489 858 1549 caelica
870 1510 895 1551 ιο

100 1583 222 1659 Maria,
253 1601 312 1660 pro
340 1594 395 1644 tua
422 1586 667 1660 perseverantia
694 1586 728 1646 in
754 1585 858 1646 solida

99 1681 164 1742 lide
186 1691 219 1742 et
241 1681 373 1742 caritate
394 1682 550 1758 perlecta,
581 1683 710 1759 quando
733 1683 858 1759 fugien-

7 1771 8 1776 ’
97 1779 187 1839 tibus
209 1779 398 1856 apostolicis
420 1779 501 1840 viris
523 1797 600 1856 prae
622 1782 758 1856 timore,
787 1779 857 1857 qui-

7 1871 8 1874 ’
96 1878 235 1937 busdam
259 1878 356 1938 etiam
386 1879 600 1954 sequentibus
629 1896 703 1938 cum
727 1879 855 1952 rubore,

93 1985 130 2035 tu
154 1975 225 2034 sola
240 1975 487 2051 inextinguibile
503 1975 578 2036 lidei
594 1977 705 2035 lumen
728 1975 761 2035 in
783 1992 854 2052 pas·
866 1994 891 2037 rs

94 2073 192 2132 sione
214 2071 272 2131 filii
289 2072 553 2132 constantissime
574 2072 707 2132 tenuisti
730 2071 775 2132 nil
798 2071 854 2131 du·

93 2170 139 2229 bii
164 2186 284 2246 gerens
312 2169 352 2230 de
382 2169 489 2230 lutura
511 2170 584 2230 eius
612 2169 853 2230 resurrectione

93 2277 173 2344 post
193 2267 355 2343 triduum,
379 2267 464 2327 sicut
486 2267 590 2343 ipsius
612 2284 669 2328 ore
692 2267 752 2327 fuit
773 2267 853 2327 satis

93 2366 184 2424 clare
199 2363 410 2440 praedictum.
441 2364 605 2426 Omnibus
619 2382 760 2441 namque
776 2366 854 2425 ami·

7 2463 8 2472 ’
94 2463 144 2523 cis
169 2463 244 2522 lesu
266 2461 426 2537 dispersis
440 2471 486 2537 tu,
508 2472 611 2523 mater
625 2463 891 2537 moestissimam

93 2577 172 2621 cum
188 2559 304 2619 humili
321 2558 516 2619 feminarum
540 2569 669 2620 caterva
688 2561 727 2620 ad
747 2561 853 2620 locum

7 2651 9 2664 ’
93 2659 279 2735 properasti
296 2657 455 2717 calvariae
478 2657 564 2718 inter
584 2657 731 2717 lurentes
752 2668 856 2717 trans·

93 2756 170 2816 iens
212 2756 301 2816 acics
343 2756 554 2831 populorum,
589 2764 624 2815 ut
662 2754 855 2830 quantocius

92 2853 335 2930 propinquares
361 2852 427 2913 lilio
455 2852 674 2928 cmciligendo
697 2862 728 2914 et
750 2852 855 2913 adhuc

93 2950 128 3011 in
146 2967 245 3011 carne
260 2951 427 3010 viventem
444 2967 610 3026 cerneres,
627 2967 735 3028 aquo,
750 2951 892 3027 prius-25

92 3065 193 3124 quam
225 3058 425 3125 moreretur,
460 3049 532 3125 piae
564 3049 855 3110 commendationis

93 3145 233 3204 verbum
257 3145 454 3222 susciperes.

137 3243 317 3320 Benedico,
338 3245 433 3304 laudo
456 3253 488 3304 et
510 3246 710 3305 excellenter
731 3261 855 3305 recom-

93 3343 216 3402 mendo
246 3350 295 3416 te,
326 3351 437 3402 sancta
468 3351 500 3402 et
530 3341 735 3402 immaculata
763 3341 854 3418 virgo

96 3439 219 3516 Maria,
250 3456 309 3515 pro
338 3448 393 3499 tna
421 3440 572 3499 dolorosa
600 3440 738 3500 statione
766 3439 892 3498 iuxtaao

95 3551 229 3597 crucem
263 3537 355 3612 Iesu,
385 3537 440 3597 ubi
472 3537 527 3597 diu
559 3537 647 3598 fessa
675 3547 707 3598 et
735 3537 856 3598 alilicta

460 3643 499 3684 rso
