2118 4180
74 620 124 680 sed
138 629 167 680 et
181 636 297 680 manus
310 628 342 680 et
358 627 454 696 caput
464 617 636 694 diligenter
646 633 683 676 ac
698 615 819 677 munde

74 719 169 778 lavare
199 716 364 794 digneris3
394 715 495 776 multa
525 714 614 774 enim
645 721 757 773 contra
787 721 819 772 te
906 771 909 778 .

74 813 183 891 deliqui
210 813 422 892 cogitatione,
450 811 632 887 locutione,
661 827 759 887 opere
788 819 820 871 et

74 911 249 972 omissione.

108 1010 188 1070 Lava
208 1009 318 1087 itaque
340 1025 410 1083 me,
433 1007 525 1082 Iesu,
552 1007 590 1066 ab
612 1005 700 1066 omni
724 1004 843 1064 sordes

74 1107 254 1168 delictorum
275 1123 434 1181 meorum,
455 1105 577 1165 munda
595 1121 648 1164 me
671 1104 709 1164 ab
731 1102 820 1163 omni

73 1203 309 1281 inquinamento
325 1203 432 1264 camis
454 1212 486 1263 et
509 1202 653 1279 spiritus,
675 1210 710 1262 ut
724 1201 821 1278 plene

74 1312 217 1379 purgatus
247 1312 356 1363 tecum
387 1302 508 1362 habere
539 1316 668 1360 merear
697 1308 820 1375 partem

75 1406 214 1459 aeternae
233 1399 460 1474 beatitudinis,
482 1415 579 1476 quam
601 1396 754 1457 omnibus
776 1395 822 1455 di·

76 1495 158 1556 lectis
178 1496 244 1557 tuis
266 1506 374 1558 tecum
401 1497 434 1557 in
460 1495 728 1573 temptationibus
750 1507 857 1570 per-lo

76 1594 291 1654 severantibus
312 1604 344 1655 te
366 1595 515 1655 daturum
538 1591 727 1669 promisisti.

110 1689 204 1767 Aperi
226 1692 324 1752 etiam
347 1692 547 1752 intellectum
571 1688 679 1750 cordis
695 1687 760 1748 mei
782 1687 822 1747 ad

77 1789 151 1849 clare
165 1789 411 1867 percipiendum
434 1787 666 1849 suavissimum
689 1785 756 1846 oris
774 1785 822 1845 tui

76 1901 250 1947 sermonem
282 1887 315 1947 in
346 1904 428 1948 cena
457 1885 688 1962 praedicatum.
739 1881 822 1942 Sunt

17 2011 18 2014 ¹
76 1983 152 2043 enim
180 1984 235 2045 illa
262 1985 363 2044 verba
392 1981 640 2044 ardentissimae
669 1978 821 2054 caritatis,
832 1998 856 2039 rs

17 2451 19 2514 l

17 2577 19 2670 l

76 2081 280 2142 suavissimae
311 2080 544 2152 consolationis
578 2087 611 2139 et
643 2076 821 2138 altissimae

76 2177 316 2258 intellegentiae.
356 2178 469 2239 Scribe
491 2176 681 2238 mandatum
700 2190 820 2235 novum

77 2273 104 2334 in
124 2279 218 2338 corde
239 2293 332 2352 meo,
353 2285 389 2336 ut
408 2275 538 2352 gemina
559 2273 691 2334 caritate
713 2271 824 2331 ardeat

76 2371 172 2432 anima
192 2390 283 2450 mea;
313 2373 460 2434 conforta
481 2389 534 2433 me
562 2371 596 2432 in
622 2369 711 2431 omni
733 2385 823 2445 pres·

75 2487 143 2531 sura
163 2481 194 2534 et
215 2489 274 2550 pro
293 2471 410 2550 gaudio
425 2469 584 2531 saeculari
599 2465 859 2528 dulcissimamao

76 2570 169 2630 sancti
200 2569 342 2647 Spiritus
372 2568 629 2629 consolationem
662 2563 742 2625 mihi
775 2562 823 2622 in-

78 2664 177 2728 funde.

112 2763 158 2825 Da
173 2782 284 2826 veram
300 2780 413 2841 pacem
429 2762 548 2838 cordiS,
569 2777 665 2838 quam
681 2758 824 2818 mundus

79 2862 145 2924 dare
165 2880 230 2923 non
253 2870 370 2939 potest,
392 2861 432 2921 da
453 2859 603 2937 spiritum
623 2855 824 2935 paraclitum,

79 2974 165 3033 quem
180 2959 323 3020 mundus
339 2975 405 3018 non
420 2958 509 3019 videt
525 2974 632 3035 neque
648 2953 860 3032 cognoscitas

80 3053 164 3132 Veni,
185 3056 327 3117 Domine
349 3056 435 3132 Iesu,
460 3065 492 3116 et
513 3054 716 3115 mansionem
740 3050 824 3128 apud

83 3166 127 3211 me
147 3153 252 3215 lacere
274 3152 435 3230 digneris,
465 3161 500 3212 ut
521 3161 556 3212 tu
580 3151 614 3212 in
635 3168 688 3211 me
711 3159 743 3210 et
764 3165 823 3225 ego

84 3247 158 3311 inte
178 3250 299 3328 pariter
319 3250 353 3310 in
375 3266 477 3310 unum
499 3248 693 3309 habitemus.

407 3448 488 3504 ἢῆ
