2118 4180
102 434 844 544 Qffimnfflffi

93 623 278 699 permisisti,
300 632 420 683 tantam
443 623 663 684 infirmitatem
684 622 717 682 in
733 622 847 682 electis

93 720 245 780 membris
271 721 310 781 ad
338 720 482 780 futurum
505 720 611 781 maius
632 721 753 780 bonum
775 737 847 796 pro-

92 818 219 878 curasti.
263 818 414 895 Denique
444 835 483 878 ex
512 820 574 877 hoc
604 834 681 877 casu
710 817 748 877 ad
776 834 847 893 pro·

91 915 192 991 priam
221 915 427 992 iragilitatem
456 925 532 976 sunt
561 916 685 976 reducti
715 925 746 975 et
775 915 847 975 aliis

90 1012 227 1073 infirmis
264 1012 418 1073 fratribus
458 1013 705 1089 compassibiles
745 1012 870 1089 magiss

90 1110 196 1171 effecti
227 1121 324 1187 atque
346 1111 553 1186 postmodum
583 1110 671 1171 omni
701 1118 847 1186 tempore

89 1209 123 1268 in
152 1208 267 1269 maiori
300 1209 450 1269 cautione
481 1219 513 1269 et
549 1207 683 1284 spiritus
719 1207 848 1267 fervore

89 1315 280 1367 manserunt
302 1306 445 1366 humiles
468 1315 499 1366 et
521 1305 640 1366 devoti.

129 1404 157 1466 Ο
187 1421 285 1482 quam
318 1403 397 1463 utile
428 1403 508 1464 mihi
540 1412 590 1463 est
621 1405 708 1463 hunc
740 1404 847 1463 locum

88 1501 277 1579 diligentius
308 1500 427 1561 intueri
460 1510 491 1560 et
520 1518 696 1577 numquam
726 1501 766 1560 de
796 1519 847 1562 me
860 1523 883 1564 ro

88 1599 158 1676 ipso
174 1599 253 1676 quid
268 1599 389 1676 grande
405 1615 625 1675 praesumere.
656 1597 744 1658 Licet
760 1599 846 1659 enim

87 1696 252 1757 interdum
280 1697 387 1772 aliqua
408 1696 509 1772 gratia
534 1695 610 1755 novi
634 1695 773 1755 fervoris
795 1696 847 1756 ad-

87 1795 128 1855 sit
158 1794 281 1869 oranti,
312 1794 425 1854 nescio
457 1802 565 1853 tamen
594 1793 748 1869 quamdiu
777 1811 848 1868 per-

86 1892 269 1967 severabit,
298 1901 352 1952 aut
373 1891 451 1968 quid
480 1891 512 1950 in
539 1901 686 1967 tempore
714 1901 848 1967 tempta·

84 1991 187 2052 tionis
203 1989 376 2049 imminere
391 1989 503 2066 possit.
524 1989 557 2050 Si
574 1988 662 2049 enim
677 1988 847 2047 columnae
860 2005 883 2046 15

85 2089 188 2162 caeli,
217 2086 353 2163 apostoli
378 2086 520 2161 Christi,
548 2086 581 2146 in
609 2087 689 2146 hora
717 2084 848 2144 tribula-

84 2186 189 2248 tionis
205 2185 357 2245 concussi
373 2194 460 2259 sunt,
474 2184 551 2260 quid
567 2191 644 2244 tunc
655 2184 695 2243 de
711 2182 848 2258 fragilis·

85 2285 174 2346 simo
204 2293 235 2344 et
263 2282 351 2342 inani
380 2282 579 2342 homunculo
610 2279 846 2340 aestimandum

86 2393 150 2458 est,
173 2381 200 2441 si
223 2382 256 2441 in
279 2398 354 2440 eum
374 2379 458 2440 levis
477 2379 644 2456 temptatio
664 2378 848 2455 ingruerit?

1 2491 2 2498 ’
86 2479 233 2558 Quidam
262 2478 376 2552 etiam,
400 2477 556 2551 Domine,
585 2477 751 2553 inculpant
778 2493 884 2552 gra-ao

85 2576 175 2637 viter
196 2574 360 2652 apostolos
383 2583 523 2648 sanctos,
545 2573 631 2648 quod
653 2573 697 2632 ita
711 2572 848 2648 turpiter

85 2687 119 2736 te
150 2674 352 2750 reliquerunt
381 2682 412 2732 et
438 2671 555 2731 timore
585 2670 676 2730 fracti
708 2670 847 2730 evadere

86 2773 318 2852 quaesierunt,
347 2769 492 2829 sednon
515 2768 643 2843 vident,
665 2784 760 2844 quam
784 2766 847 2826 cito

86 2871 152 2949 ipsi
184 2888 202 2930 a
231 2869 367 2929 veritate
396 2884 506 2927 amore
537 2867 588 2925 vel
624 2865 698 2925 odio
729 2864 847 2925 cotidie

87 2976 290 3028 avertuntur.
856 2985 883 3026 aa

131 3066 252 3124 Precor
280 3063 389 3140 itaque
418 3070 466 3136 te,
498 3060 666 3121 carissime
697 3059 847 3133 Domine,

87 3181 130 3224 ne
154 3179 206 3223 me
229 3161 318 3221 sinas
347 3160 385 3219 ad
407 3170 527 3219 tantam
550 3158 716 3218 vesaniam
740 3157 847 3217 cordis

88 3260 263 3334 devenire,
294 3268 328 3318 ut
359 3276 377 3317 a
406 3267 517 3318 sancto
549 3256 715 3332 proposito
744 3256 846 3316 semel

88 3367 218 3435 arrepto
247 3357 430 3431 discedam,
458 3354 516 3414 sed
546 3371 664 3430 sequar
692 3363 741 3428 te,
769 3369 847 3428 quo-

88 3472 231 3534 cumque
253 3454 341 3530 ieris,
363 3453 434 3513 sive
457 3452 489 3512 in
505 3451 603 3512 vitam
626 3451 696 3511 sive
714 3450 747 3510 in
763 3467 883 3510 mor-ao

88 3564 165 3616 tem.
203 3552 276 3612 Non
301 3550 420 3627 fugiam
443 3559 514 3609 ate
537 3559 682 3624 tempore
705 3547 847 3608 adversi-

462 3655 489 3695 oo
