2142 4172
253 627 353 705 infige
382 627 480 705 igi-tur
503 644 614 688 sacros
643 628 753 687 clavos
777 636 852 688 tuos
879 625 968 705 pedi-

212 727 274 787 bus
295 725 379 786 meis
399 734 563 801 tamquam
588 734 682 784 acuta
698 725 834 785 calcaria
856 726 895 786 ad
916 744 969 787 se·

212 825 378 902 quendum
400 822 537 899 vestigia
564 830 619 882 tua
646 839 705 898 per
732 840 840 883 amara
861 834 893 884 et
915 824 969 884 ad·
1054 875 1055 898 ,

213 939 318 997 versa,
339 930 375 983 ut
396 938 461 981 non
477 920 589 980 elever
610 920 643 979 in
658 920 753 980 bonis
768 938 829 981 nec
847 921 969 982 deiciar
1054 903 1055 918 ¹

190 1020 246 1084 sin
277 1019 373 1080 malis
402 1018 622 1095 affligentibus
652 1035 714 1079 me.
764 1019 800 1079 In
829 1029 968 1096 utroque

213 1119 295 1195 pede
317 1119 454 1178 vulnera
475 1133 542 1191 me,
563 1133 606 1176 ne
627 1116 756 1193 longius
778 1118 927 1178 recedam
951 1134 969 1176 a

213 1226 255 1278 te.
285 1217 321 1277 In
343 1215 476 1276 sinistro
498 1213 596 1291 infige
619 1214 745 1274 clavum
768 1214 905 1290 timoris,
926 1231 969 1275 ne

214 1313 415 1375 consentiam
438 1313 527 1373 vitiis
555 1312 679 1387 carnis,
708 1313 766 1373 sed
786 1329 923 1389 paveam
952 1331 971 1372 a

215 1413 330 1491 poenis
358 1411 478 1473 inferni
508 1410 636 1471 futuris.
679 1411 716 1471 ln
745 1410 857 1471 dextro
885 1410 970 1486 pede

179 1533 205 1574 io
215 1510 312 1588 infige
335 1511 462 1570 clavum
484 1508 587 1569 sancti
610 1509 730 1569 amoris
746 1525 819 1569 curn
841 1509 970 1569 fervore

216 1625 351 1686 magnae
382 1606 565 1668 devotionis
593 1607 633 1666 ad
664 1607 856 1668 currendam
883 1606 970 1666 viam

216 1707 439 1767 mandatorum
469 1714 599 1764 tuorum
621 1703 737 1764 diebus
761 1720 798 1763 ac
819 1704 972 1764 noctibus

216 1804 249 1864 in
281 1803 415 1864 servitio
444 1812 499 1862 tuo
531 1801 564 1861 in
595 1802 727 1879 hymnis
758 1812 791 1862 et
821 1802 972 1863 laudibus

217 1900 347 1976 divinis,
360 1900 509 1960 alacriter
519 1909 551 1962 et
561 1916 689 1960 summe
699 1899 756 1960 tibi
768 1899 973 1976 regratiando

182 2023 207 2063 15
217 2007 271 2058 aut
292 1997 389 2059 etiam
412 1997 444 2057 in
467 1997 612 2058 externis
626 1997 791 2057 laboribus
805 2015 864 2074 pro
884 2014 973 2057 com·
1054 1999 1055 2010 ¹

216 2095 306 2156 muni
338 2096 423 2155 bono
454 2113 495 2156 ex
529 2094 735 2156 oboedientia
767 2103 799 2156 et
829 2094 973 2156 fraterna

216 2193 348 2254 caritate
377 2193 549 2270 fatigando.
598 2193 716 2253 Brevis
746 2201 779 2253 et
809 2193 892 2254 levis
921 2203 972 2253 est

217 2291 324 2351 omnis
345 2291 534 2367 temporalis
555 2291 646 2350 labor
666 2301 699 2351 et
714 2291 823 2366 sudor,
845 2290 917 2350 sitis
939 2300 972 2350 et

217 2388 309 2448 dolor
330 2388 476 2465 corporis
491 2405 549 2464 pro
565 2397 607 2464 te,
625 2389 696 2448 Deo
711 2406 796 2465 meo,
817 2389 850 2449 in
873 2405 972 2449 carne

179 2513 206 2554 20
217 2504 313 2563 passo
330 2496 363 2546 et
377 2487 563 2563 vulnerat03
585 2489 716 2564 longum
732 2504 810 2548 vero
827 2496 858 2546 et
872 2485 974 2546 nimis

217 2585 348 2661 longum
371 2593 503 2646 aeterna
524 2602 638 2662 poena,
662 2585 812 2646 infernus
834 2593 866 2644 et
886 2583 973 2660 ignis

217 2697 349 2757 semper
369 2681 496 2742 ardens.

258 2778 370 2838 Incute
380 2779 476 2839 etiam
486 2780 568 2839 duos
577 2781 768 2841 clavostuos
777 2779 810 2840 in
822 2779 973 2840 manibus

217 2876 301 2936 meis
316 2877 355 2936 ad
368 2877 567 2953 operandum
578 2878 663 2938 bona
677 2895 776 2954 opera
791 2877 974 2955 diligenter,

179 2999 208 3042 25
218 2974 294 3033 dum
310 2982 440 3050 tempus
458 2973 548 3049 assit,
570 2983 602 3034 et
618 2975 658 3034 ad
673 2975 854 3035 cavendum
869 2974 973 3034 otium

217 3070 293 3147 vile,
304 3071 390 3148 quod
401 3070 528 3131 animae
536 3072 630 3132 valde
641 3082 747 3148 nocet,
756 3081 788 3132 et
803 3073 842 3132 ad
852 3073 974 3149 ample-

217 3169 358 3228 xandum
374 3178 406 3228 te
420 3178 558 3244 utroque
569 3168 721 3229 bracchio
733 3186 807 3230 meo
822 3186 975 3230 amorose

218 3265 251 3324 in
274 3282 372 3326 cruce
395 3283 452 3342 pro
475 3283 528 3326 me
552 3267 759 3343 pendentem,
781 3267 975 3328 vulneribus

217 3363 351 3438 plenum
375 3372 407 3422 et
429 3380 487 3438 pro
510 3363 653 3423 inimicis
675 3363 740 3424 tuis
762 3375 918 3426 orantem.

179 3481 206 3522 so
256 3458 363 3519 Trahe
385 3476 462 3536 ergo
480 3477 534 3520 me
556 3461 595 3520 ad
610 3470 641 3520 te
664 3461 819 3523 decarne
841 3463 880 3523 ad
902 3481 975 3524 cru-

217 3573 306 3630 cem,
336 3558 376 3616 de
405 3567 491 3617 terra
513 3558 552 3618 ad
576 3559 712 3620 caelum.
755 3559 862 3637 Cupio
885 3561 974 3622 enirn

573 3663 615 3705 soz
