2118 4180
261 427 673 536 Qffidlml
696 424 999 534 ffifflffl
1042 591 1043 596 Ν

255 615 465 692 dignissimae
501 613 733 675 incarnationis
766 615 1004 674 annuntiatione

254 724 286 775 et
317 713 497 774 reverenda
527 712 672 789 angelica
703 711 915 788 salutatione,
948 730 1005 789 qua

254 811 474 872 beatissimam
510 810 669 886 virginem
703 807 839 868 Mariam
875 810 1004 885 angelus

254 909 389 970 Gabriel
411 907 622 968 devotissime
645 906 796 966 salutavit
815 907 1004 966 annuntians

218 998 231 1070 s
254 1009 283 1069 ei
307 1008 451 1068 divinum
474 1005 678 1083 mysterium,
702 1004 762 1064 Dei
786 1003 888 1063 lilium
911 1020 1005 1063 exea

254 1104 497 1164 incarnandum.

295 1193 403 1260 Lau'do
419 1209 450 1260 et
465 1198 646 1259 honorifico
667 1209 698 1259 te
714 1216 772 1275 pro
788 1199 1004 1276 magnitudine

253 1298 327 1359 lidei
365 1297 488 1358 Mariae
524 1297 679 1373 virginis,
714 1314 772 1372 pro
809 1295 901 1356 firmo
938 1297 1004 1357 eius

252 1413 390 1456 assensu
420 1405 452 1457 et
480 1395 663 1456 humillima
693 1395 764 1455 eius
794 1394 1003 1469 responsione

220 1510 289 1554 roae
313 1493 447 1553 cunctis
478 1492 652 1553 virtutibus
683 1492 785 1566 itlius,
816 1508 897 1568 quas
932 1501 1004 1552 tunc

253 1593 439 1669 specialiter
473 1591 723 1665 demonstravit,
759 1589 888 1666 quando
919 1590 1004 1662 arch-

252 1691 366 1767 angelo
389 1687 624 1766 evangelizanti
643 1687 854 1747 oboedienter
876 1703 1004 1762 respon-

253 1789 313 1848 dit:
331 1789 414 1847 Ecce
429 1787 547 1847 ancilla
563 1785 705 1860 Domini,
728 1784 781 1844 liat
796 1783 876 1844 mihi
893 1799 1004 1843 secun·

253 1885 328 1944 dum
351 1885 487 1944 verbum
509 1894 611 1943 tuum.

219 1998 243 2040 15
294 1983 402 2042 Laudo
424 1992 456 2042 et
477 1981 623 2058 glorilico
644 1991 693 2056 te,
715 1997 733 2040 o
755 1989 887 2040 aeterna
909 1979 1004 2055 patris

252 2080 427 2156 sapientia,
460 2096 518 2155 pro
547 2089 621 2139 tuae
650 2077 875 2155 inattingibilis
904 2077 1004 2136 altitu·

244 2178 338 2249 dinis
367 2177 554 2239 admiranda
581 2176 790 2236 inclinatione
819 2175 852 2234 in
877 2184 1004 2235 nostrae

252 2273 456 2334 mortalitatis
485 2273 550 2333 vile
579 2274 777 2350 ergastulum
806 2281 839 2332 et
867 2290 925 2348 pro
953 2282 1004 2332 tua

251 2371 428 2447 purissima
449 2388 489 2430 ex
512 2371 616 2431 illaria
637 2371 851 2447 conceptione
867 2370 1004 2446 Spiritus

215 2471 354 2530 aosancti
384 2469 613 2544 cooperatione
644 2468 821 2543 celebrata,
853 2468 885 2528 in
913 2468 1004 2528 cuius

251 2566 399 2643 virginali
423 2576 516 2627 utero
538 2566 765 2627 inenarrabilis
787 2566 891 2625 virtus
908 2564 1003 2626 Altis-

251 2663 325 2723 simi
357 2664 595 2738 superveniens
624 2680 754 2723 carnem
783 2673 871 2722 tuam
900 2679 1004 2722 sacro·

251 2769 394 2820 sanctam
431 2759 471 2818 de
506 2777 603 2819 carne
642 2759 778 2836 virginis
816 2759 1005 2819 intemerata

251 2857 411 2918 formavit.
451 2856 499 2917 Tu
522 2858 608 2917 enim
629 2874 728 2917 verus
751 2858 852 2931 Deus,
874 2867 1004 2916 aeterno

214 2955 331 3031 zspatri
364 2955 668 3031 consubstantialis,
698 2955 869 3015 nobiscum
902 2954 1004 3014 lactus

250 3069 287 3112 es
309 3069 373 3111 una
395 3070 470 3113 caro
492 3053 564 3113 sine
587 3054 778 3130 contagione
802 3053 943 3129 peccati,
972 3060 1004 3111 ut

250 3166 310 3208 nos
333 3158 440 3209 tecum
470 3168 571 3211 unum
600 3151 751 3212 efficeres
776 3151 925 3227 spiritum
948 3167 1005 3226 per

249 3248 456 3324 adoptionem
480 3248 620 3310 liliorum
645 3250 716 3310 Dei.
758 3327 760 3334 Α

291 3346 400 3406 Laudo
422 3356 454 3405 et
476 3345 647 3422 magnifico
675 3357 707 3406 te
729 3364 787 3423 pro
813 3356 887 3406 tuae
905 3346 1005 3422 pleni-

213 3442 371 3504 aotudinis
393 3451 571 3518 spontanea
593 3444 813 3504 exinanitione
829 3454 861 3504 et
875 3453 1004 3506 nostrae

248 3540 487 3617 passibilitatis,
516 3541 724 3616 humilitatis,
748 3541 946 3602 infirmitatis
970 3558 1004 3601 ac

616 3645 641 3687 12
