2152 4174
223 620 330 680 virum
360 620 555 680 homicidam
581 621 675 681 vobis
703 622 815 682 donari
840 622 979 698 petistis.

225 717 321 777 Nunc
341 735 422 778 vero
443 719 483 778 ad
504 721 567 780 hoc
582 719 731 794 venistis,
752 729 788 780 ut
808 721 978 780 veritatem

224 816 308 876 tituli
337 817 553 892 corrumpatis
583 826 616 877 et
644 818 734 877 velut
764 816 980 892 inculpabiles

224 913 415 989 appareatis.
464 914 529 975 Sed
559 915 683 974 Pilatus
713 916 747 974 in
778 923 884 975 morte
915 915 980 974 Do-

200 1009 303 1072 smini
332 1011 426 1070 vobis
454 1013 557 1071 multo
584 1011 807 1087 innocentior,
838 1012 871 1070 in
900 1012 980 1071 scri-

223 1107 330 1166 bendo
352 1125 482 1184 quoque
501 1109 631 1168 titulum
646 1111 804 1185 veracior,
825 1109 922 1169 etiam
945 1109 979 1168 in

224 1206 452 1286 respondendo
481 1217 610 1267 vestrae
638 1207 847 1267 aemulationi
875 1205 980 1266 lactus

223 1314 275 1364 est
309 1305 510 1364 constantior
544 1314 576 1365 et
610 1306 670 1365 ait:
713 1305 811 1382 Quod
851 1305 981 1381 scripsi,

224 1401 351 1478 scripsi.
403 1401 437 1462 Si
467 1403 568 1462 vultis
598 1404 727 1480 legere,
758 1401 892 1479 legatis3
927 1402 980 1462 sin

190 1521 214 1561 ro
224 1510 332 1560 autem
354 1499 533 1574 dimittatis,
554 1501 613 1560 sed
631 1519 684 1561 me
706 1519 725 1560 a
746 1501 909 1561 sententia
930 1517 982 1561 se-

224 1599 289 1657 mel
317 1598 381 1656 lata
408 1614 473 1656 non
503 1598 681 1658 deducetis.
725 1597 823 1674 Quod
852 1598 982 1674 scripsi,

224 1694 351 1770 scripsi.
394 1694 469 1755 Non
490 1705 600 1755 vestro
630 1696 768 1755 consilio
796 1698 884 1756 hunc
907 1695 983 1756 titu-

224 1793 291 1852 lum
314 1793 417 1868 edidi,
448 1810 510 1852 nec
530 1803 641 1852 vestra
672 1794 882 1871 derogatione
911 1812 983 1854 mu·

223 1891 314 1966 tabo;
329 1892 388 1951 sed
403 1891 446 1951 ita
460 1891 674 1967 permanebit,
689 1901 724 1950 ut
734 1891 863 1951 dictavi.
890 1892 983 1951 Deus

189 2010 214 2051 15
224 1986 411 2063 inspiravit,
438 2005 504 2048 non
526 1989 635 2048 homo.
679 1989 755 2049 Ideo
778 1999 882 2049 ratum
906 2007 983 2050 esse

224 2086 298 2144 volo
327 2095 360 2145 et
380 2103 495 2146 verum
525 2087 694 2162 praedico,
725 2103 786 2146 nec
815 2089 982 2164 corrumpi

224 2183 290 2242 ulla
310 2182 458 2243 sustineo
480 2184 644 2259 suasione,
666 2185 724 2244 sed
746 2185 900 2244 omnibus
922 2186 984 2245 lin·

223 2281 297 2357 guis
319 2291 351 2340 et
370 2281 500 2357 populis
522 2281 710 2357 dignitatern
727 2281 799 2342 eius
821 2283 982 2344 annuntio

224 2387 257 2437 et
278 2377 434 2454 publicari
460 2379 640 2454 praecipio:
671 2379 765 2439 lesus
788 2379 984 2441 Nazarenus

186 2491 281 2535 aorex
304 2475 507 2535 ludaeorum.
551 2475 580 2537 Ο
603 2493 737 2551 praeses
763 2478 984 2553 magnanime,

224 2572 346 2649 optime
368 2571 529 2647 scripsisti
552 2581 584 2631 et
599 2581 688 2632 recte
707 2572 755 2631 eis
771 2573 983 2647 respondisti.

226 2671 334 2730 Laudo
356 2679 398 2745 te,
420 2669 496 2746 quia
517 2679 582 2729 tam
601 2671 773 2745 pulchrum
797 2679 828 2730 et
850 2688 982 2731 sacrum

223 2768 353 2828 titulum
385 2768 425 2827 de
448 2767 523 2826 lesu
546 2766 717 2827 Nazareno
746 2767 920 2828 coniecisti
951 2777 985 2828 et

226 2866 363 2926 ludaeos
390 2874 455 2925 tam
484 2865 637 2924 audacter
665 2864 830 2940 refutasti3
859 2866 919 2925 sed
949 2866 983 2925 in

187 2964 286 3023 ashoc
308 2979 373 3022 non
396 2963 503 3038 laudo,
525 2963 611 3039 quod
634 2962 666 3021 in
691 2973 829 3023 mortem
853 2962 983 3024 Christi

225 3060 439 3135 consensisti3
468 3077 543 3119 nam
575 3059 669 3119 valde
700 3061 762 3120 hoc
793 3060 877 3120 lacto
902 3060 984 3120 deli-

224 3159 332 3235 quisti.

265 3257 364 3317 Disce
395 3266 428 3316 et
457 3265 511 3331 tu,
546 3256 663 3315 devote
696 3256 771 3315 lesu
807 3254 983 3332 discipule,

224 3355 323 3414 verba
344 3355 442 3415 huius
458 3354 541 3414 sacri
557 3353 640 3414 tituli
657 3354 822 3429 sapienter
836 3353 984 3413 animad-

187 3471 214 3512 ao
224 3461 363 3526 vertere,
378 3450 523 3510 studiose
539 3450 707 3526 perlegere
723 3460 982 3528 reverenterque

224 3547 388 3622 prolerre3
422 3548 508 3606 valet
539 3547 626 3606 enim
658 3548 833 3622 plurimum
867 3558 982 3609 contra

581 3651 619 3691 na
