2152 4174
105 423 527 530 Ἥκω.
572 418 853 528 ,ffinff

98 612 176 671 beto
211 608 361 686 protinus
396 624 586 682 recursum,
626 608 714 668 hunc
749 607 857 666 locum

99 716 208 768 statue
229 705 287 766 tibi
309 707 348 767 ad
377 705 539 783 refugium
570 714 601 764 et
630 721 703 764 cum
728 703 857 764 lesuin

101 821 200 866 cruce
230 813 415 881 contempto
447 812 479 864 et
507 804 643 863 aPatre
675 802 714 862 ad
744 803 857 862 horam

101 902 260 964 derelicto
291 902 394 962 misce
425 900 624 978 colloquium
656 899 729 960 eius
760 898 859 959 rumi-

100 1001 221 1076 nando,
242 1000 330 1077 quod
353 1000 482 1060 locutus
511 1006 561 1058 est
582 998 736 1058 verbum:
768 997 882 1056 Deuss

101 1114 209 1173 meus,
238 1098 330 1157 Deus
352 1114 464 1172 meus,
493 1105 528 1156 ut
550 1095 627 1172 quid
656 1093 859 1170 dereliquisti

102 1196 185 1256 me?
228 1194 329 1255 Stude
351 1212 428 1272 ergo
451 1194 484 1254 in
510 1192 697 1254 infirmitate
725 1201 780 1252 tua
801 1190 860 1250 mi-

100 1304 169 1353 tem
189 1303 221 1353 te
236 1292 402 1369 exhibere,
422 1309 484 1352 nec
499 1308 696 1367 murmures,
717 1291 745 1350 si
760 1290 859 1350 inter·

101 1391 181 1451 dum
212 1407 231 1450 a
260 1390 481 1451 servientibus
508 1389 566 1450 tibi
585 1387 777 1474 ¹neglegaris
805 1395 860 1447 aut

101 1489 210 1550 rarius
240 1507 258 1548 a
294 1488 447 1549 iratribus
482 1488 637 1548 visiteris.
689 1486 859 1547 Memento
872 1500 895 1542 ro

102 1585 211 1648 exulis
233 1587 308 1646 Iesu
339 1587 373 1646 in
395 1603 492 1646 cruce
521 1595 554 1646 et
575 1585 615 1645 de
644 1583 708 1643 levi
737 1582 859 1642 incom-

102 1685 202 1745 modo
223 1684 337 1745 desine
360 1684 533 1761 conqueri,
561 1683 633 1743 eius
655 1689 730 1757 opta
750 1679 860 1740 visita·

101 1782 245 1855 tionem,
273 1781 346 1841 eius
367 1781 532 1841 dumtaxat
560 1779 691 1858 require
714 1777 860 1838 consola-

100 1880 244 1955 tionem,
275 1897 294 1938 a
323 1896 387 1955 quo
415 1879 539 1955 poteris
568 1878 665 1938 etiam
694 1877 860 1936 desolatus

101 1977 292 2038 confortari.
335 1977 496 2053 Relinque
519 1976 640 2036 caduca
667 1974 780 2035 mundi
809 1990 860 2033 so·
872 1989 896 2031 rs

100 2075 203 2150 lacia3
223 2092 289 2135 non
311 2084 343 2134 te
365 2083 503 2150 occupet
524 2073 703 2134 amicorum
719 2071 861 2146 dilectio,

101 2172 294 2249 angelorum
319 2171 470 2232 desidera
484 2171 713 2248 praesentiam,
734 2179 861 2229 sancto·

102 2287 177 2330 rum
201 2279 275 2345 pete
290 2268 453 2346 suffragia.
484 2269 579 2346 Erige
594 2268 708 2328 oculos
729 2283 860 2327 sursum

102 2367 145 2428 ad
166 2365 380 2443 Crucifixum,
403 2366 528 2428 Christi
548 2366 704 2427 meditare
725 2366 862 2425 vulnera

103 2474 234 2540 sancta,
266 2464 424 2540 virginem
446 2464 621 2542 gloriosam
644 2463 798 2539 implora,
828 2461 898 2522 inao

103 2570 216 2623 mente
248 2578 379 2638 semper
399 2564 516 2624 habeto
539 2561 695 2638 Mariam3
723 2560 762 2620 ad
790 2575 861 2619 eam

103 2659 283 2736 specialem
325 2659 425 2719 funde
468 2677 609 2736 precem.
666 2659 740 2735 Ipsa
774 2655 862 2717 enim

104 2757 228 2818 mansit
242 2755 431 2818 firmissima
445 2757 534 2816 iuxta
548 2773 679 2817 crucem
702 2754 863 2816 audiendo

106 2855 217 2915 Iesum
240 2871 356 2930 magna
377 2869 459 2913 voce
481 2852 519 2912 ad
543 2853 672 2912 Patrem
699 2851 865 2912 clamitan-

104 2960 184 3011 tem.
229 2951 340 3026 ltaque
372 2950 524 3011 omnibus
552 2950 696 3010 exclusis
723 2948 900 3013 terreniszs

105 3049 147 3108 ad
182 3048 318 3124 patriam
355 3050 530 3109 caelestem
575 3048 668 3108 eleva
709 3056 863 3107 mentem.

105 3145 197 3206 Tene
214 3147 321 3206 Deum
343 3162 403 3222 pro
425 3155 526 3223 patre,
549 3147 657 3206 lesum
680 3162 739 3221 pro
756 3145 865 3219 iratre,

107 3243 248 3324 Mariam
270 3260 328 3318 pro
351 3252 470 3319 matre,
501 3245 634 3319 angelos
663 3260 721 3319 pro
750 3242 864 3303 amicis

107 3349 141 3401 et
163 3350 294 3400 sanctos
316 3356 432 3400 omnes
453 3358 511 3417 pro
534 3338 688 3417 cognatis.
733 3340 782 3399 De
808 3355 865 3398 no-

106 3437 164 3498 bili
188 3447 220 3498 et
241 3439 305 3499 alta
331 3437 487 3515 progenie
516 3454 553 3497 es
581 3447 632 3514 tu,
663 3455 728 3499 non
758 3437 901 3498 carnisao

108 3535 252 3613 origine,
281 3536 339 3595 sed
368 3534 502 3611 spiritus
533 3534 690 3596 libertate.
733 3533 865 3595 Talibus

472 3639 511 3680 roo
