2142 4172
113 658 148 709 et
170 647 322 708 omnibus
343 647 423 708 inte
446 648 654 720 credentibus
669 658 702 709 et
722 667 780 726 pro
798 667 872 725 pec·

114 745 197 806 catis
218 745 288 806 suis
310 745 496 806 dolentibus
518 755 626 806 tecum
644 747 684 806 ad
706 747 871 807 dexteram

115 843 223 903 Patris
243 843 378 919 portasti
401 852 433 904 et
448 843 600 903 omnibus
621 843 761 905 incaelo
783 845 872 904 habi·

112 941 259 1001 tantibus
280 941 314 1001 in
336 941 465 1019 signum
481 941 628 1002 devictae
645 942 760 1003 mortis
782 960 872 1019 prae·

113 1039 262 1099 sentasti.
880 1059 895 1100 a

157 1135 187 1197 O
210 1146 324 1213 stupor
344 1144 377 1196 et
396 1136 561 1214 gaudium,
583 1136 779 1198 oimmensa
795 1155 872 1215 spes

114 1234 330 1310 credentium,
353 1235 427 1295 lesu
443 1234 589 1311 Christe,
610 1252 668 1296 rex
683 1236 816 1313 gloriae,
837 1247 871 1296 tu

114 1332 272 1408 splendor
288 1331 403 1408 Patris,
425 1333 530 1392 honor
551 1332 673 1407 matris,
696 1332 795 1392 decor
808 1333 872 1393 vir-

113 1429 218 1506 ginis,
247 1429 371 1489 Mariae
396 1428 499 1504 lilius,
528 1429 589 1489 llos
617 1430 739 1506 campi,
767 1429 871 1490 lilium

114 1527 324 1604 convallium,
334 1526 491 1587 solacium
503 1527 739 1602 tribulatorum,
750 1528 872 1588 sanitas
884 1549 909 1591 to

113 1625 331 1700 infirmorum,
346 1624 468 1685 iubilus
483 1625 685 1701 devotorum,
707 1626 871 1687 beatitudo

114 1732 321 1800 sanctorum,
352 1722 491 1783 felicitas
520 1724 726 1800 angelorum,
755 1723 872 1799 scribe,

114 1837 250 1898 quaeso,
273 1821 424 1897 Domine,
446 1821 526 1881 haec
549 1830 660 1881 sancta
681 1829 714 1881 et
730 1821 873 1897 pretiosa

114 1920 253 1979 vulnera
280 1928 335 1979 tua
357 1918 389 1978 in
412 1918 510 1979 corde
539 1935 612 1978 meo
634 1917 778 1994 pretioso
800 1935 872 1978 san·

114 2017 214 2094 guine
243 2026 299 2076 tuo
321 2017 360 2077 ad
389 2015 651 2092 compatiendum
677 2015 735 2076 tibi
758 2015 872 2076 intime
885 2039 909 2080 ιε

114 2123 148 2174 et
170 2113 210 2173 ad
232 2113 404 2173 amandum
427 2121 459 2173 te
481 2130 581 2190 super
602 2113 711 2173 omnia
732 2113 872 2172 maxime

115 2220 148 2272 et
177 2211 217 2271 ad
245 2211 473 2272 sustinendum
503 2211 617 2271 saltem
644 2227 746 2286 pauca
774 2211 873 2270 verba

115 2326 157 2369 ex
179 2325 289 2368 amore
311 2326 369 2384 pro
392 2309 582 2369 dulcissimo
604 2309 737 2369 nomine
759 2319 871 2369 sancto

114 2417 172 2469 tuo
194 2407 427 2483 libentissime,
456 2408 542 2484 quod
571 2416 622 2468 est
649 2423 749 2482 super
774 2423 871 2466 omne

113 2521 237 2565 nomen
252 2514 438 2565 sanctorum
450 2505 638 2581 angelorum
652 2513 684 2564 et
701 2503 870 2564 hominum
881 2528 909 2570 20

114 2601 275 2663 altissime
303 2601 511 2662 benedictum
540 2601 573 2661 in
602 2601 734 2661 saecula
759 2617 871 2661 saecu·

113 2701 233 2760 lorum.

159 2796 260 2873 Pinge
275 2798 356 2856 haec
379 2795 489 2856 rubeis
505 2794 616 2873 liguris
634 2806 666 2856 et
681 2796 789 2857 aureis
811 2796 872 2857 cir-

114 2892 200 2955 culis
222 2902 296 2954 ante
311 2909 411 2969 vagos
432 2893 546 2952 oculos
563 2910 665 2969 meos,
687 2911 728 2954 ne
743 2894 870 2954 videam

113 2989 276 3050 vanitates
298 2990 410 3051 mundi
433 3007 494 3051 nec
517 2991 654 3068 cogitem
678 2994 717 3053 de
740 2992 788 3052 eis
810 3010 908 3053 necas

114 3087 245 3147 audiam
267 3088 394 3165 aliquos
415 3105 565 3148 rumores
585 3105 638 3148 me
652 3089 872 3166 inquietantes

114 3201 225 3261 neque
236 3186 400 3247 advertam
412 3187 451 3247 ad
462 3194 631 3247 narrantes
644 3187 724 3248 mihi
740 3187 871 3264 aliquid,

115 3284 204 3360 quod
219 3301 285 3345 non
296 3293 346 3345 est
356 3285 396 3346 de
407 3295 450 3361 te,
459 3285 534 3345 lesu
544 3285 695 3360 Domino,
705 3286 776 3344 Deo
787 3301 871 3345 meo.

116 3381 210 3442 Vana
231 3381 318 3441 enim
341 3390 418 3442 sunt
439 3381 562 3458 omnia,
584 3399 666 3459 quae
689 3382 872 3442 distrahunt

116 3495 170 3539 me
199 3497 218 3538 a
246 3478 442 3540 caelestibus
468 3478 564 3538 bonis
592 3478 771 3557 cogitandis
800 3488 832 3538 et
854 3497 908 3541 aso

116 3575 240 3636 sanctis
261 3575 454 3636 vulneribus
475 3576 540 3637 tuis
563 3577 779 3638 lacrimandis.

476 3683 515 3724 soi
