2118 4180
91 409 837 524 Qffiffibmsfflffiffi

82 603 255 680 spondere.
286 602 335 662 Da
357 616 542 661 sermonem
564 607 687 658 rectum
704 606 736 658 et
751 596 839 673 pium

81 702 114 762 in
143 719 182 762 os
213 716 323 761 meum
356 697 389 758 in
421 697 566 757 omnium
598 694 839 756 adversantium

81 798 267 876 praesentia
289 807 331 872 et,
353 796 429 856 dum
453 804 565 855 contra
579 809 632 854 me
655 792 758 853 saevit
776 809 841 852 ma·

81 915 142 958 nus
157 895 270 972 impia,
286 911 344 970 pro
360 903 452 954 scuto
469 891 709 969 inexpugnabili
724 891 841 965 tribue,

79 993 317 1072 benignissime
341 992 432 1066 lesu,
461 991 618 1050 humilem
645 999 678 1049 et
700 989 864 1049 intuma-⁵

79 1094 178 1154 bilem
202 1089 324 1152 mentis
346 1088 570 1149 constantiam.

267 1281 537 1361 [cnrrrvrvn
562 1279 660 1356 vm]

81 1420 125 1479 De
154 1418 242 1478 trino
272 1416 441 1492 negatione
469 1415 555 1474 beati
580 1412 664 1473 Petri
691 1414 840 1488 apostoli.

80 1530 330 1750 &medico
353 1593 385 1644 et
399 1583 519 1660 gratias
534 1600 592 1660 ago
608 1581 677 1657 tibi,
699 1582 840 1643 Domine

214 1684 289 1743 lesu
315 1682 469 1756 Christe,
500 1679 726 1757 praecognitor
757 1680 876 1740 futu-10

81 1800 211 1858 rorum,
239 1780 294 1858 qui
325 1777 567 1840 ferventissimo
597 1777 756 1854 discipulo
785 1788 840 1840 tuo

82 1881 180 1940 Petro
211 1880 336 1955 lapsum
366 1893 461 1936 suum
493 1876 532 1936 ad
563 1877 721 1936 cautelam
750 1893 840 1952 prae-

81 1976 203 2038 dixisti.

123 2072 283 2135 Glorifico
311 2081 344 2132 te
370 2088 427 2147 pro
455 2071 594 2132 dolenda
622 2071 676 2131 illa
704 2071 841 2132 inhono-

81 2171 209 2231 ratione
237 2170 341 2230 trinae
369 2168 552 2245 negationis
580 2169 666 2229 Petri
693 2169 841 2246 apostoli,
853 2182 877 2222 1⁵

80 2286 147 2345 qua
162 2277 239 2328 tunc
253 2267 394 2327 maxime
412 2266 628 2326 inhonoratus
644 2267 743 2343 fuisti,
765 2268 841 2328 dum

79 2368 122 2428 ad
138 2365 328 2426 infirmioris
343 2382 443 2425 sexus
456 2381 570 2425 vocem
587 2374 618 2424 te
633 2382 733 2425 nosse
748 2375 843 2442 negat

80 2465 214 2525 dicens:
237 2463 311 2523 Non
333 2462 409 2522 novi
433 2461 610 2522 hominem.

125 2561 234 2621 Laudo
263 2570 295 2620 et
323 2560 530 2636 superexalto
552 2575 673 2619 nomen
695 2568 786 2619 tuum
809 2559 841 2619 in

79 2669 252 2720 aeternum
275 2675 333 2734 pro
353 2657 493 2734 benigno
516 2657 572 2717 illo
595 2665 756 2732 respectu,
778 2672 879 2733 quom

80 2757 235 2833 dignatus
263 2772 300 2815 es
331 2756 460 2815 beatum
495 2755 627 2814 Petrum
659 2753 843 2814 misericor-

81 2854 169 2915 diter
191 2853 370 2929 respicere,
391 2861 426 2912 ut
448 2851 555 2912 statim
578 2850 652 2928 galli
676 2860 771 2911 cantu
793 2851 844 2911 bis

81 2953 170 3013 iacto
193 2959 316 3010 reatum
337 2966 433 3009 suum
454 2956 645 3026 agnosceret
660 2957 756 3024 atque
771 2948 843 3008 sine

79 3066 176 3111 mora
186 3048 226 3108 de
239 3047 346 3108 medio
362 3047 548 3123 iniquorum
564 3046 712 3107 exeundo
729 3064 844 3124 magna

79 3166 123 3209 ex
154 3146 251 3206 corde
281 3144 475 3205 contritione
496 3143 725 3220 gravissimum
748 3161 879 3220 nega-25

79 3244 184 3306 tionis
206 3259 285 3303 suae
301 3242 454 3302 delictum
477 3241 681 3302 amarissime
699 3241 842 3302 defleret.

124 3342 191 3419 Qui
202 3356 408 3417 nequaquam
422 3338 455 3399 in
466 3338 704 3414 desperationis
715 3338 842 3398 foveam

81 3450 117 3502 ut
141 3435 390 3498 infelicissimus
407 3435 502 3495 ludas
524 3435 777 3511 irreparabiliter
791 3453 842 3496 ce·

82 3537 172 3612 cidit,
195 3536 253 3596 sed
268 3545 323 3595 tua
338 3533 494 3594 ineffabili
511 3532 735 3593 misericordia
753 3550 842 3608 prae-

459 3637 485 3679 7³
