<?xml version="1.0" encoding="UTF-8"?>
<!DOCTYPE html PUBLIC "-//W3C//DTD XHTML 1.0 Transitional//EN"
    "http://www.w3.org/TR/xhtml1/DTD/xhtml1-transitional.dtd">
<html xmlns="http://www.w3.org/1999/xhtml" xml:lang="en" lang="en">
 <head>
  <title>
</title>
<meta http-equiv="Content-Type" content="text/html;charset=utf-8" />
  <meta name='ocr-system' content='tesseract 3.04.00' />
  <meta name='ocr-capabilities' content='ocr_page ocr_carea ocr_par ocr_line ocrx_word'/>
</head>
<body>
  <div class='ocr_page' id='page_1' title='image "./thomaehemerkena02pohlgoog_0294.png"; bbox 0 0 2194 4180; ppageno 0'>
   <div class='ocr_carea' id='block_1_1' title="bbox 17 676 880 1226">
    <p class='ocr_par' dir='ltr' id='par_1_1' title="bbox 17 676 855 759">
     <span class='ocr_line' id='line_1_1' title="bbox 17 676 855 759; baseline 0.002 -22"><span class='ocrx_word' id='word_1_1' title='bbox 17 731 26 759; x_wconf 67' lang='lat'><strong>‚</strong></span> <span class='ocrx_word' id='word_1_2' title='bbox 100 686 133 738; x_wconf 92' lang='lat' dir='ltr'><strong>et</strong></span> <span class='ocrx_word' id='word_1_3' title='bbox 155 676 284 737; x_wconf 87' lang='lat' dir='ltr'>fletibus</span> <span class='ocrx_word' id='word_1_4' title='bbox 307 678 345 737; x_wconf 90' lang='lat' dir='ltr'><strong>ad</strong></span> <span class='ocrx_word' id='word_1_5' title='bbox 365 694 482 754; x_wconf 91' lang='lat' dir='ltr'><strong>purum</strong></span> <span class='ocrx_word' id='word_1_6' title='bbox 498 678 584 737; x_wconf 90' lang='lat' dir='ltr'><strong>lotus</strong></span> <span class='ocrx_word' id='word_1_7' title='bbox 599 687 632 737; x_wconf 92' lang='lat' dir='ltr'><strong>et</strong></span> <span class='ocrx_word' id='word_1_8' title='bbox 645 689 800 755; x_wconf 89' lang='lat' dir='ltr'><strong>purgatus</strong></span> <span class='ocrx_word' id='word_1_9' title='bbox 822 680 855 739; x_wconf 92' lang='lat' dir='ltr'><strong>in</strong></span> 
     </span>
    </p>

    <p class='ocr_par' dir='ltr' id='par_1_2' title="bbox 101 775 855 854">
     <span class='ocr_line' id='line_1_2' title="bbox 101 775 855 854; baseline 0.003 -19"><span class='ocrx_word' id='word_1_10' title='bbox 101 785 278 851; x_wconf 90' lang='lat' dir='ltr'><strong>conspectu</strong></span> <span class='ocrx_word' id='word_1_11' title='bbox 307 783 362 835; x_wconf 91' lang='lat' dir='ltr'><strong>tuo</strong></span> <span class='ocrx_word' id='word_1_12' title='bbox 385 775 642 836; x_wconf 92' lang='lat' dir='ltr'><strong>misericordiam</strong></span> <span class='ocrx_word' id='word_1_13' title='bbox 669 786 701 836; x_wconf 93' lang='lat' dir='ltr'><strong>et</strong></span> <span class='ocrx_word' id='word_1_14' title='bbox 721 777 855 854; x_wconf 81' lang='lat' dir='ltr'><strong>gratiam</strong></span> 
     </span>
    </p>

    <p class='ocr_par' dir='ltr' id='par_1_3' title="bbox 100 872 856 934">
     <span class='ocr_line' id='line_1_3' title="bbox 100 872 856 934; baseline 0.001 -2"><span class='ocrx_word' id='word_1_15' title='bbox 100 890 229 934; x_wconf 90' lang='lat' dir='ltr'><strong>merear</strong></span> <span class='ocrx_word' id='word_1_16' title='bbox 256 873 319 932; x_wconf 87' lang='lat' dir='ltr'><strong>iarn</strong></span> <span class='ocrx_word' id='word_1_17' title='bbox 342 872 458 932; x_wconf 89' lang='lat' dir='ltr'>vivens</span> <span class='ocrx_word' id='word_1_18' title='bbox 480 872 628 933; x_wconf 91' lang='lat' dir='ltr'><strong>invenire</strong></span> <span class='ocrx_word' id='word_1_19' title='bbox 652 890 689 933; x_wconf 88' lang='lat' dir='ltr'><strong>ac</strong></span> <span class='ocrx_word' id='word_1_20' title='bbox 711 874 856 934; x_wconf 90' lang='lat' dir='ltr'><strong>moriens</strong></span> 
     </span>
    </p>

    <p class='ocr_par' dir='ltr' id='par_1_4' title="bbox 99 970 854 1047">
     <span class='ocr_line' id='line_1_4' title="bbox 99 970 854 1047; baseline 0 -17"><span class='ocrx_word' id='word_1_21' title='bbox 99 980 265 1031; x_wconf 84' lang='lat' dir='ltr'><strong>aeternam</strong></span> <span class='ocrx_word' id='word_1_22' title='bbox 281 988 355 1031; x_wconf 89' lang='lat' dir='ltr'><strong>cum</strong></span> <span class='ocrx_word' id='word_1_23' title='bbox 371 971 493 1031; x_wconf 90' lang='lat' dir='ltr'><strong>sanctis</strong></span> <span class='ocrx_word' id='word_1_24' title='bbox 504 971 569 1031; x_wconf 93' lang='lat' dir='ltr'><strong>tuis</strong></span> <span class='ocrx_word' id='word_1_25' title='bbox 583 970 718 1047; x_wconf 80' lang='lat' dir='ltr'><strong>gloriam</strong></span> <span class='ocrx_word' id='word_1_26' title='bbox 730 971 854 1031; x_wconf 91' lang='lat' dir='ltr'><strong>valeam</strong></span> 
     </span>
    </p>

    <p class='ocr_par' dir='ltr' id='par_1_5' title="bbox 99 1067 880 1226">
     <span class='ocr_line' id='line_1_5' title="bbox 99 1067 880 1146; baseline -0.001 -19"><span class='ocrx_word' id='word_1_27' title='bbox 99 1069 257 1129; x_wconf 90' lang='lat' dir='ltr'><strong>obtinere.</strong></span> <span class='ocrx_word' id='word_1_28' title='bbox 290 1067 353 1128; x_wconf 92' lang='lat' dir='ltr'><strong>Per</strong></span> <span class='ocrx_word' id='word_1_29' title='bbox 374 1078 416 1144; x_wconf 91' lang='lat' dir='ltr'><strong>te,</strong></span> <span class='ocrx_word' id='word_1_30' title='bbox 440 1069 514 1129; x_wconf 90' lang='lat' dir='ltr'><strong>lesu</strong></span> <span class='ocrx_word' id='word_1_31' title='bbox 537 1068 682 1144; x_wconf 87' lang='lat' dir='ltr'><strong>Christe,</strong></span> <span class='ocrx_word' id='word_1_32' title='bbox 703 1069 757 1146; x_wconf 92' lang='lat' dir='ltr'><strong>qui</strong></span> <span class='ocrx_word' id='word_1_33' title='bbox 781 1085 880 1128; x_wconf 84' lang='lat' dir='ltr'><strong>cums</strong></span> 
     </span>
     <span class='ocr_line' id='line_1_6' title="bbox 101 1167 280 1226; baseline 0.006 -1"><span class='ocrx_word' id='word_1_34' title='bbox 101 1167 197 1226; x_wconf 87' lang='lat' dir='ltr'><strong>Patre</strong></span> <span class='ocrx_word' id='word_1_35' title='bbox 220 1176 280 1226; x_wconf 89' lang='lat' dir='ltr'><strong>etc.</strong></span> 
     </span>
    </p>
   </div>
   <div class='ocr_carea' id='block_1_2' title="bbox 296 1332 659 1410">
    <p class='ocr_par' dir='ltr' id='par_1_6' title="bbox 296 1332 659 1410">
     <span class='ocr_line' id='line_1_7' title="bbox 296 1332 659 1410; baseline 0 -16"><span class='ocrx_word' id='word_1_36' title='bbox 296 1332 567 1410; x_wconf 76' lang='lat' dir='ltr'><strong>[cnmrvuvn</strong></span> <span class='ocrx_word' id='word_1_37' title='bbox 591 1333 659 1410; x_wconf 76' lang='lat' dir='ltr'><strong>xl]</strong></span> 
     </span>
    </p>
   </div>
   <div class='ocr_carea' id='block_1_3' title="bbox 99 1483 892 1743">
    <p class='ocr_par' dir='ltr' id='par_1_7' title="bbox 99 1483 892 1743">
     <span class='ocr_line' id='line_1_8' title="bbox 99 1483 857 1561; baseline 0 -17"><span class='ocrx_word' id='word_1_38' title='bbox 99 1485 147 1545; x_wconf 86' lang='lat' dir='ltr'><strong>De</strong></span> <span class='ocrx_word' id='word_1_39' title='bbox 167 1484 372 1561; x_wconf 81' lang='lat' dir='ltr'><strong>apparitione</strong></span> <span class='ocrx_word' id='word_1_40' title='bbox 387 1483 505 1546; x_wconf 84' lang='lat' dir='ltr'><strong>Christi</strong></span> <span class='ocrx_word' id='word_1_41' title='bbox 526 1485 559 1545; x_wconf 87' lang='lat' dir='ltr'><strong>in</strong></span> <span class='ocrx_word' id='word_1_42' title='bbox 577 1485 680 1561; x_wconf 83' lang='lat' dir='ltr'><strong>specie</strong></span> <span class='ocrx_word' id='word_1_43' title='bbox 697 1485 857 1561; x_wconf 83' lang='lat' dir='ltr'><strong>peregrini</strong></span> 
     </span>
     <span class='ocr_line' id='line_1_9' title="bbox 174 1582 785 1658; baseline -0.002 -15"><span class='ocrx_word' id='word_1_44' title='bbox 174 1600 281 1644; x_wconf 87' lang='lat' dir='ltr'><strong>coram</strong></span> <span class='ocrx_word' id='word_1_45' title='bbox 302 1583 427 1642; x_wconf 84' lang='lat' dir='ltr'><strong>duobos</strong></span> <span class='ocrx_word' id='word_1_46' title='bbox 448 1582 615 1658; x_wconf 78' lang='lat' dir='ltr'><strong>discipulis</strong></span> <span class='ocrx_word' id='word_1_47' title='bbox 636 1582 785 1643; x_wconf 83' lang='lat' dir='ltr'><strong>euntibus</strong></span> 
     </span>
     <span class='ocr_line' id='line_1_10' title="bbox 388 1682 892 1743; baseline -0.014 0"><span class='ocrx_word' id='word_1_48' title='bbox 388 1683 422 1743; x_wconf 88' lang='lat' dir='ltr'><strong>in</strong></span> <span class='ocrx_word' id='word_1_49' title='bbox 443 1683 573 1742; x_wconf 73' lang='lat' dir='ltr'><strong>Emona.</strong></span> <span class='ocrx_word' id='word_1_50' title='bbox 868 1682 892 1723; x_wconf 89' lang='lat'><strong>1⁰</strong></span> 
     </span>
    </p>
   </div>
   <div class='ocr_carea' id='block_1_4' title="bbox 12 1785 892 2411">
    <p class='ocr_par' dir='ltr' id='par_1_8' title="bbox 12 1785 892 2411">
     <span class='ocr_line' id='line_1_11' title="bbox 100 1785 855 2007; baseline -0.001 -104"><span class='ocrx_word' id='word_1_51' title='bbox 100 1785 348 2007; x_wconf 44' lang='lat' dir='ltr'><strong>&amp;medico</strong></span> <span class='ocrx_word' id='word_1_52' title='bbox 370 1853 402 1904; x_wconf 90' lang='lat' dir='ltr'><strong>et</strong></span> <span class='ocrx_word' id='word_1_53' title='bbox 416 1843 535 1920; x_wconf 85' lang='lat' dir='ltr'><strong>gratias</strong></span> <span class='ocrx_word' id='word_1_54' title='bbox 550 1860 608 1920; x_wconf 95' lang='lat' dir='ltr'><strong>ago</strong></span> <span class='ocrx_word' id='word_1_55' title='bbox 624 1843 692 1918; x_wconf 91' lang='lat' dir='ltr'><strong>tibi,</strong></span> <span class='ocrx_word' id='word_1_56' title='bbox 715 1842 855 1903; x_wconf 87' lang='lat' dir='ltr'><strong>Domine</strong></span> 
     </span>
     <span class='ocr_line' id='line_1_12' title="bbox 12 1933 856 2017; baseline 0 -16"><span class='ocrx_word' id='word_1_57' title='bbox 12 1933 19 1956; x_wconf 84' lang='lat'><em>&#39;</em></span> <span class='ocrx_word' id='word_1_58' title='bbox 233 1941 307 2002; x_wconf 90' lang='lat' dir='ltr'><strong>Iesu</strong></span> <span class='ocrx_word' id='word_1_59' title='bbox 330 1942 475 2017; x_wconf 88' lang='lat' dir='ltr'><strong>Christe,</strong></span> <span class='ocrx_word' id='word_1_60' title='bbox 497 1942 563 2017; x_wconf 91' lang='lat' dir='ltr'><strong>via,</strong></span> <span class='ocrx_word' id='word_1_61' title='bbox 585 1942 705 2002; x_wconf 90' lang='lat' dir='ltr'><strong>veritas</strong></span> <span class='ocrx_word' id='word_1_62' title='bbox 727 1951 759 2002; x_wconf 90' lang='lat' dir='ltr'><strong>et</strong></span> <span class='ocrx_word' id='word_1_63' title='bbox 781 1941 856 2016; x_wconf 88' lang='lat' dir='ltr'><strong>vita,</strong></span> 
     </span>
     <span class='ocr_line' id='line_1_13' title="bbox 99 2040 855 2118; baseline 0.001 -20"><span class='ocrx_word' id='word_1_64' title='bbox 99 2041 190 2100; x_wconf 90' lang='lat' dir='ltr'><strong>salus</strong></span> <span class='ocrx_word' id='word_1_65' title='bbox 219 2049 251 2100; x_wconf 93' lang='lat' dir='ltr'><strong>et</strong></span> <span class='ocrx_word' id='word_1_66' title='bbox 279 2041 459 2118; x_wconf 87' lang='lat' dir='ltr'><strong>redemptio</strong></span> <span class='ocrx_word' id='word_1_67' title='bbox 488 2051 615 2115; x_wconf 90' lang='lat' dir='ltr'><strong>nostra,</strong></span> <span class='ocrx_word' id='word_1_68' title='bbox 643 2057 702 2115; x_wconf 89' lang='lat' dir='ltr'><strong>pro</strong></span> <span class='ocrx_word' id='word_1_69' title='bbox 727 2049 781 2100; x_wconf 90' lang='lat' dir='ltr'><strong>tua</strong></span> <span class='ocrx_word' id='word_1_70' title='bbox 801 2040 855 2099; x_wconf 90' lang='lat' dir='ltr'><strong>be-</strong></span> 
     </span>
     <span class='ocr_line' id='line_1_14' title="bbox 100 2136 854 2214; baseline 0 -18"><span class='ocrx_word' id='word_1_71' title='bbox 100 2137 199 2214; x_wconf 89' lang='lat' dir='ltr'><strong>nigna</strong></span> <span class='ocrx_word' id='word_1_72' title='bbox 233 2137 433 2214; x_wconf 86' lang='lat' dir='ltr'><strong>apparitione</strong></span> <span class='ocrx_word' id='word_1_73' title='bbox 472 2137 506 2199; x_wconf 92' lang='lat' dir='ltr'><strong>in</strong></span> <span class='ocrx_word' id='word_1_74' title='bbox 542 2138 652 2214; x_wconf 91' lang='lat' dir='ltr'><strong>specie</strong></span> <span class='ocrx_word' id='word_1_75' title='bbox 692 2136 854 2214; x_wconf 90' lang='lat' dir='ltr'><strong>peregrini</strong></span> 
     </span>
     <span class='ocr_line' id='line_1_15' title="bbox 39 2235 892 2322; baseline 0 -28"><span class='ocrx_word' id='word_1_76' title='bbox 39 2315 43 2322; x_wconf 31' lang='grc' dir='ltr'>Ι</span> <span class='ocrx_word' id='word_1_77' title='bbox 99 2252 210 2295; x_wconf 90' lang='lat' dir='ltr'><strong>coram</strong></span> <span class='ocrx_word' id='word_1_78' title='bbox 232 2236 359 2296; x_wconf 92' lang='lat' dir='ltr'><strong>duobus</strong></span> <span class='ocrx_word' id='word_1_79' title='bbox 381 2236 551 2312; x_wconf 88' lang='lat' dir='ltr'><strong>discipulis</strong></span> <span class='ocrx_word' id='word_1_80' title='bbox 574 2235 640 2296; x_wconf 93' lang='lat' dir='ltr'><strong>tuis</strong></span> <span class='ocrx_word' id='word_1_81' title='bbox 662 2235 694 2295; x_wconf 95' lang='lat' dir='ltr'><strong>in</strong></span> <span class='ocrx_word' id='word_1_82' title='bbox 717 2235 770 2295; x_wconf 94' lang='lat' dir='ltr'><strong>via</strong></span> <span class='ocrx_word' id='word_1_83' title='bbox 790 2251 892 2294; x_wconf 88' lang='lat' dir='ltr'><strong>am·15</strong></span> 
     </span>
     <span class='ocr_line' id='line_1_16' title="bbox 99 2333 856 2411; baseline 0 -19"><span class='ocrx_word' id='word_1_84' title='bbox 99 2333 287 2393; x_wconf 89' lang='lat' dir='ltr'><strong>bulantibus</strong></span> <span class='ocrx_word' id='word_1_85' title='bbox 322 2334 465 2395; x_wconf 92' lang='lat' dir='ltr'><strong>habitum</strong></span> <span class='ocrx_word' id='word_1_86' title='bbox 502 2334 601 2411; x_wconf 88' lang='lat' dir='ltr'><strong>ignoti</strong></span> <span class='ocrx_word' id='word_1_87' title='bbox 638 2334 771 2394; x_wconf 88' lang='lat' dir='ltr'><strong>viatoris</strong></span> <span class='ocrx_word' id='word_1_88' title='bbox 806 2351 856 2393; x_wconf 89' lang='lat' dir='ltr'><strong>as-</strong></span> 
     </span>
    </p>
   </div>
   <div class='ocr_carea' id='block_1_5' title="bbox 100 2431 856 2606">
    <p class='ocr_par' dir='ltr' id='par_1_9' title="bbox 100 2431 856 2606">
     <span class='ocr_line' id='line_1_17' title="bbox 100 2431 856 2507; baseline 0 -16"><span class='ocrx_word' id='word_1_89' title='bbox 100 2431 272 2507; x_wconf 90' lang='lat' dir='ltr'><strong>sumendo,</strong></span> <span class='ocrx_word' id='word_1_90' title='bbox 287 2442 322 2492; x_wconf 89' lang='lat' dir='ltr'><strong>ut</strong></span> <span class='ocrx_word' id='word_1_91' title='bbox 336 2431 375 2491; x_wconf 92' lang='lat' dir='ltr'><strong>ad</strong></span> <span class='ocrx_word' id='word_1_92' title='bbox 391 2433 565 2492; x_wconf 90' lang='lat' dir='ltr'><strong>caelestem</strong></span> <span class='ocrx_word' id='word_1_93' title='bbox 583 2431 760 2491; x_wconf 88' lang='lat' dir='ltr'><strong>Ierusalem</strong></span> <span class='ocrx_word' id='word_1_94' title='bbox 776 2448 856 2491; x_wconf 90' lang='lat' dir='ltr'><strong>oves</strong></span> 
     </span>
     <span class='ocr_line' id='line_1_18' title="bbox 100 2529 855 2606; baseline 0 -18"><span class='ocrx_word' id='word_1_95' title='bbox 100 2538 248 2589; x_wconf 89' lang='lat' dir='ltr'><strong>errantes</strong></span> <span class='ocrx_word' id='word_1_96' title='bbox 277 2530 452 2590; x_wconf 88' lang='lat' dir='ltr'><strong>reduceres</strong></span> <span class='ocrx_word' id='word_1_97' title='bbox 483 2540 579 2606; x_wconf 89' lang='lat' dir='ltr'><strong>atque</strong></span> <span class='ocrx_word' id='word_1_98' title='bbox 610 2529 662 2605; x_wconf 90' lang='lat' dir='ltr'><strong>pie</strong></span> <span class='ocrx_word' id='word_1_99' title='bbox 694 2529 855 2589; x_wconf 92' lang='lat' dir='ltr'><strong>visitando</strong></span> 
     </span>
    </p>
   </div>
   <div class='ocr_carea' id='block_1_6' title="bbox 11 2627 458 2710">
    <p class='ocr_par' dir='ltr' id='par_1_10' title="bbox 11 2627 458 2710">
     <span class='ocr_line' id='line_1_19' title="bbox 11 2627 458 2710; baseline 0.004 -24"><span class='ocrx_word' id='word_1_100' title='bbox 11 2697 14 2710; x_wconf 42' lang='lat'><strong>,</strong></span> <span class='ocrx_word' id='word_1_101' title='bbox 100 2627 246 2703; x_wconf 86' lang='lat' dir='ltr'><strong>perlecte</strong></span> <span class='ocrx_word' id='word_1_102' title='bbox 269 2627 458 2688; x_wconf 90' lang='lat' dir='ltr'><strong>instrueres.</strong></span> 
     </span>
    </p>
   </div>
   <div class='ocr_carea' id='block_1_7' title="bbox 29 2723 892 3582">
    <p class='ocr_par' dir='ltr' id='par_1_11' title="bbox 29 2723 892 3582">
     <span class='ocr_line' id='line_1_20' title="bbox 141 2723 891 2802; baseline -0.004 -16"><span class='ocrx_word' id='word_1_103' title='bbox 141 2724 171 2786; x_wconf 93' lang='grc' dir='ltr'><strong>Ο</strong></span> <span class='ocrx_word' id='word_1_104' title='bbox 208 2743 303 2802; x_wconf 89' lang='lat' dir='ltr'><strong>quam</strong></span> <span class='ocrx_word' id='word_1_105' title='bbox 340 2725 552 2786; x_wconf 91' lang='lat' dir='ltr'><strong>amicabiliter</strong></span> <span class='ocrx_word' id='word_1_106' title='bbox 586 2735 618 2785; x_wconf 93' lang='lat' dir='ltr'><strong>te</strong></span> <span class='ocrx_word' id='word_1_107' title='bbox 653 2724 702 2785; x_wconf 94' lang='lat' dir='ltr'><strong>eis</strong></span> <span class='ocrx_word' id='word_1_108' title='bbox 738 2724 771 2784; x_wconf 95' lang='lat' dir='ltr'><strong>in</strong></span> <span class='ocrx_word' id='word_1_109' title='bbox 804 2723 891 2784; x_wconf 85' lang='lat' dir='ltr'><strong>via2⁰</strong></span> 
     </span>
     <span class='ocr_line' id='line_1_21' title="bbox 100 2823 854 2901; baseline -0.004 -17"><span class='ocrx_word' id='word_1_110' title='bbox 100 2824 254 2899; x_wconf 88' lang='lat' dir='ltr'><strong>iunxisti,</strong></span> <span class='ocrx_word' id='word_1_111' title='bbox 289 2824 344 2901; x_wconf 94' lang='lat' dir='ltr'><strong>qui</strong></span> <span class='ocrx_word' id='word_1_112' title='bbox 376 2825 416 2884; x_wconf 94' lang='lat' dir='ltr'><strong>de</strong></span> <span class='ocrx_word' id='word_1_113' title='bbox 449 2834 504 2884; x_wconf 93' lang='lat' dir='ltr'><strong>tua</strong></span> <span class='ocrx_word' id='word_1_114' title='bbox 533 2824 686 2900; x_wconf 90' lang='lat' dir='ltr'><strong>passione</strong></span> <span class='ocrx_word' id='word_1_115' title='bbox 717 2823 854 2882; x_wconf 93' lang='lat' dir='ltr'><strong>multum</strong></span> 
     </span>
     <span class='ocr_line' id='line_1_22' title="bbox 100 2919 855 2983; baseline -0.005 -1"><span class='ocrx_word' id='word_1_116' title='bbox 100 2922 311 2983; x_wconf 88' lang='lat' dir='ltr'><strong>tristabantur</strong></span> <span class='ocrx_word' id='word_1_117' title='bbox 332 2932 363 2982; x_wconf 92' lang='lat' dir='ltr'><strong>et</strong></span> <span class='ocrx_word' id='word_1_118' title='bbox 379 2923 418 2983; x_wconf 91' lang='lat' dir='ltr'><strong>de</strong></span> <span class='ocrx_word' id='word_1_119' title='bbox 433 2922 529 2983; x_wconf 93' lang='lat' dir='ltr'><strong>bonis</strong></span> <span class='ocrx_word' id='word_1_120' title='bbox 544 2922 669 2982; x_wconf 88' lang='lat' dir='ltr'><strong>actibus</strong></span> <span class='ocrx_word' id='word_1_121' title='bbox 685 2930 717 2981; x_wconf 88' lang='lat' dir='ltr'><strong>et</strong></span> <span class='ocrx_word' id='word_1_122' title='bbox 733 2919 855 2980; x_wconf 91' lang='lat' dir='ltr'><strong>sanctis</strong></span> 
     </span>
     <span class='ocr_line' id='line_1_23' title="bbox 100 3018 855 3095; baseline -0.003 -17"><span class='ocrx_word' id='word_1_123' title='bbox 100 3018 211 3078; x_wconf 92' lang='lat' dir='ltr'><strong>verbis</strong></span> <span class='ocrx_word' id='word_1_124' title='bbox 230 3035 266 3078; x_wconf 90' lang='lat' dir='ltr'><strong>ac</strong></span> <span class='ocrx_word' id='word_1_125' title='bbox 282 3019 448 3079; x_wconf 90' lang='lat' dir='ltr'><strong>miraculis</strong></span> <span class='ocrx_word' id='word_1_126' title='bbox 463 3019 528 3078; x_wconf 90' lang='lat' dir='ltr'><strong>tuis</strong></span> <span class='ocrx_word' id='word_1_127' title='bbox 543 3019 769 3095; x_wconf 83' lang='lat' dir='ltr'><strong>loquebantur,</strong></span> <span class='ocrx_word' id='word_1_128' title='bbox 790 3033 855 3077; x_wconf 93' lang='lat' dir='ltr'><strong>non</strong></span> 
     </span>
     <span class='ocr_line' id='line_1_24' title="bbox 100 3115 856 3192; baseline 0.001 -18"><span class='ocrx_word' id='word_1_129' title='bbox 100 3115 141 3175; x_wconf 88' lang='lat' dir='ltr'><strong>de</strong></span> <span class='ocrx_word' id='word_1_130' title='bbox 171 3115 267 3175; x_wconf 93' lang='lat' dir='ltr'><strong>bellis</strong></span> <span class='ocrx_word' id='word_1_131' title='bbox 299 3125 330 3176; x_wconf 90' lang='lat' dir='ltr'><strong>et</strong></span> <span class='ocrx_word' id='word_1_132' title='bbox 358 3116 453 3192; x_wconf 90' lang='lat' dir='ltr'><strong>nugis</strong></span> <span class='ocrx_word' id='word_1_133' title='bbox 484 3117 606 3176; x_wconf 89' lang='lat' dir='ltr'><strong>saeculi</strong></span> <span class='ocrx_word' id='word_1_134' title='bbox 635 3117 743 3176; x_wconf 91' lang='lat' dir='ltr'><strong>huius.</strong></span> <span class='ocrx_word' id='word_1_135' title='bbox 791 3115 856 3176; x_wconf 88' lang='lat' dir='ltr'><strong>Sed</strong></span> 
     </span>
     <span class='ocr_line' id='line_1_25' title="bbox 100 3213 892 3289; baseline 0 -17"><span class='ocrx_word' id='word_1_136' title='bbox 100 3213 177 3289; x_wconf 91' lang='lat' dir='ltr'><strong>quia</strong></span> <span class='ocrx_word' id='word_1_137' title='bbox 205 3214 245 3273; x_wconf 90' lang='lat' dir='ltr'><strong>de</strong></span> <span class='ocrx_word' id='word_1_138' title='bbox 268 3213 508 3273; x_wconf 83' lang='lat' dir='ltr'><strong>resurrectione</strong></span> <span class='ocrx_word' id='word_1_139' title='bbox 537 3223 591 3274; x_wconf 88' lang='lat' dir='ltr'><strong>tua</strong></span> <span class='ocrx_word' id='word_1_140' title='bbox 613 3214 675 3272; x_wconf 92' lang='lat' dir='ltr'><strong>iam</strong></span> <span class='ocrx_word' id='word_1_141' title='bbox 699 3213 782 3274; x_wconf 86' lang='lat' dir='ltr'><strong>laeta</strong></span> <span class='ocrx_word' id='word_1_142' title='bbox 803 3213 892 3272; x_wconf 83' lang='lat' dir='ltr'><strong>ad·2⁵</strong></span> 
     </span>
     <span class='ocr_line' id='line_1_26' title="bbox 29 3310 855 3392; baseline 0.001 -23"><span class='ocrx_word' id='word_1_143' title='bbox 29 3387 30 3392; x_wconf 8' lang='grc' dir='ltr'>ἵ</span> <span class='ocrx_word' id='word_1_144' title='bbox 100 3311 165 3370; x_wconf 90' lang='lat' dir='ltr'><strong>huc</strong></span> <span class='ocrx_word' id='word_1_145' title='bbox 187 3310 374 3371; x_wconf 92' lang='lat' dir='ltr'><strong>dubitabant</strong></span> <span class='ocrx_word' id='word_1_146' title='bbox 395 3320 427 3371; x_wconf 90' lang='lat' dir='ltr'><strong>et</strong></span> <span class='ocrx_word' id='word_1_147' title='bbox 449 3311 488 3371; x_wconf 91' lang='lat' dir='ltr'><strong>de</strong></span> <span class='ocrx_word' id='word_1_148' title='bbox 510 3310 647 3371; x_wconf 93' lang='lat' dir='ltr'><strong>aliorum</strong></span> <span class='ocrx_word' id='word_1_149' title='bbox 672 3311 855 3371; x_wconf 90' lang='lat' dir='ltr'><strong>narratione</strong></span> 
     </span>
     <span class='ocr_line' id='line_1_27' title="bbox 100 3409 856 3486; baseline 0 -18"><span class='ocrx_word' id='word_1_150' title='bbox 100 3418 132 3469; x_wconf 93' lang='lat' dir='ltr'><strong>et</strong></span> <span class='ocrx_word' id='word_1_151' title='bbox 154 3409 342 3486; x_wconf 90' lang='lat' dir='ltr'><strong>angelorum</strong></span> <span class='ocrx_word' id='word_1_152' title='bbox 365 3410 492 3470; x_wconf 87' lang='lat' dir='ltr'><strong>visione</strong></span> <span class='ocrx_word' id='word_1_153' title='bbox 521 3409 566 3468; x_wconf 92' lang='lat' dir='ltr'><strong>nil</strong></span> <span class='ocrx_word' id='word_1_154' title='bbox 589 3409 668 3469; x_wconf 89' lang='lat' dir='ltr'><strong>certi</strong></span> <span class='ocrx_word' id='word_1_155' title='bbox 693 3410 856 3484; x_wconf 90' lang='lat' dir='ltr'><strong>tenebant,</strong></span> 
     </span>
     <span class='ocr_line' id='line_1_28' title="bbox 100 3506 856 3582; baseline 0 -16"><span class='ocrx_word' id='word_1_156' title='bbox 100 3507 185 3582; x_wconf 90' lang='lat' dir='ltr'><strong>ideo,</strong></span> <span class='ocrx_word' id='word_1_157' title='bbox 196 3506 300 3568; x_wconf 91' lang='lat' dir='ltr'><strong>donec</strong></span> <span class='ocrx_word' id='word_1_158' title='bbox 311 3508 428 3567; x_wconf 90' lang='lat' dir='ltr'><strong>clarior</strong></span> <span class='ocrx_word' id='word_1_159' title='bbox 436 3506 556 3567; x_wconf 90' lang='lat' dir='ltr'><strong>veritas</strong></span> <span class='ocrx_word' id='word_1_160' title='bbox 567 3506 615 3566; x_wconf 90' lang='lat' dir='ltr'><strong>eis</strong></span> <span class='ocrx_word' id='word_1_161' title='bbox 627 3506 856 3580; x_wconf 90' lang='lat' dir='ltr'><strong>innotesceret,</strong></span> 
     </span>
    </p>
   </div>
   <div class='ocr_carea' id='block_1_8' title="bbox 100 3605 747 3751">
    <p class='ocr_par' dir='ltr' id='par_1_12' title="bbox 100 3605 747 3751">
     <span class='ocr_line' id='line_1_29' title="bbox 100 3605 479 3665; baseline 0 -1"><span class='ocrx_word' id='word_1_162' title='bbox 100 3605 238 3665; x_wconf 94' lang='lat' dir='ltr'><strong>multum</strong></span> <span class='ocrx_word' id='word_1_163' title='bbox 262 3606 479 3665; x_wconf 89' lang='lat' dir='ltr'><strong>tristabantur.</strong></span> 
     </span>
     <span class='ocr_line' id='line_1_30' title="bbox 460 3709 747 3751; baseline -0.007 0"><span class='ocrx_word' id='word_1_164' title='bbox 460 3709 501 3751; x_wconf 83' lang='lat'><strong>275</strong></span> <span class='ocrx_word' id='word_1_165' title='bbox 706 3709 747 3750; x_wconf 81' lang='lat' dir='ltr'><strong>ts·</strong></span> 
     </span>
    </p>
   </div>
   <div class='ocr_carea' id='block_1_9' title="bbox 0 0 1102 4180">
    <p class='ocr_par' dir='ltr' id='par_1_13' title="bbox 0 0 1102 4180">
     <span class='ocr_line' id='line_1_31' title="bbox 0 0 1102 4180; baseline 0 0"><span class='ocrx_word' id='word_1_166' title='bbox 0 0 1102 4180; x_wconf 95' lang='lat' dir='ltr'><strong> </strong></span> 
     </span>
    </p>
   </div>
  </div>
 </body>
</html>
