2194 4180
227 407 973 516 Qfflmafflffi

219 595 358 671 tingeret
379 604 412 654 et
433 596 473 655 de
495 596 653 656 latissimo
673 596 808 655 vulnere
831 596 978 656 saluber·
1081 563 1087 685 Ι

220 693 338 752 rimum
360 693 455 753 nobis
477 692 645 770 sanguinis
667 703 699 754 et
720 711 823 770 aquae
851 695 976 755 fontem

219 791 423 867 produceret,
445 808 509 867 quo
532 800 619 852 totus
641 793 783 852 mundus
805 803 978 853 sanaretur

220 904 384 963 aspersus.

196 1007 210 1047 5
260 984 289 1046 0
312 1002 404 1044 sacra
425 995 458 1045 et
483 986 682 1047 admirabilis
711 986 873 1048 emanatio
903 1004 976 1047 san·

218 1080 327 1158 guinis
356 1082 481 1144 Christi
511 1083 550 1143 de
584 1083 697 1144 dextro
726 1086 826 1145 latere
856 1086 976 1146 dormi·

219 1179 304 1240 entis
325 1179 358 1238 in
382 1197 489 1255 cruce,
511 1180 704 1256 profluentis
725 1181 758 1242 in
780 1183 976 1260 redemptio-

218 1294 293 1337 nem
324 1279 455 1355 generis
477 1279 621 1340 humani.
663 1278 693 1341 0
722 1282 809 1341 clara
839 1291 871 1342 et
902 1298 977 1341 sua-

218 1373 353 1433 vissima
388 1375 538 1435 excursio
573 1393 676 1453 aquae
707 1378 897 1440 benedictae
933 1379 976 1438 de

184 1497 208 1538 10
219 1471 343 1532 intimis
364 1473 547 1533 visceribus
569 1474 748 1536 Salvatoris
776 1475 809 1535 in
839 1476 976 1536 ablutio-

218 1586 294 1629 nem
306 1570 451 1630 omnium
463 1581 670 1647 peccatorum
681 1583 868 1634 nostrorum
886 1573 975 1634 loras

219 1667 406 1728 derivantis.
449 1667 537 1730 Olim
567 1669 729 1746 siquidem
760 1671 897 1748 Moyses
928 1671 975 1730 f-

219 1765 327 1825 mulus
339 1766 470 1826 Domini
486 1767 649 1843 percussit
663 1778 787 1845 petram
803 1768 835 1828 in
852 1785 976 1845 eremo,

219 1872 250 1923 et
273 1863 435 1924 lluxemnt
463 1881 566 1941 aquae
586 1865 799 1943 largissimae,
827 1866 976 1942 bibitque

184 1988 208 2030 15
218 1962 358 2040 populus
380 1971 412 2022 et
433 1962 579 2022 iumenta
601 1963 674 2023 eius
696 1963 735 2024 de
751 1972 895 2024 torrente
918 1964 977 2023 illo

219 2075 292 2118 cum
315 2059 487 2120 dulcedine
517 2069 548 2120 et
577 2061 717 2121 cessavit
748 2079 766 2121 a
796 2079 977 2122 murmure.

219 2155 284 2216 Sed
321 2157 485 2234 Longinus
521 2157 617 2216 miles
652 2166 807 2218 strenuus
847 2168 977 2234 arrepta

218 2255 330 2314 lancea
351 2254 385 2315 in
408 2273 504 2314 manu
528 2273 587 2315 sua
609 2255 788 2318 fortissima
811 2255 977 2331 percussit

218 2361 359 2428 petram,
387 2369 461 2412 cum
486 2353 611 2414 Christi
641 2354 768 2430 aperuit
790 2353 976 2428 dexteram3

181 2457 250 2512 aoet
272 2449 426 2509 continuo
449 2449 549 2510 exivit
571 2452 704 2527 sanguis
726 2461 757 2510 et
779 2467 872 2527 aqua,
896 2451 976 2510 hau-

218 2544 325 2621 sitque
341 2546 416 2605 indc
430 2546 545 2606 salutis
560 2565 638 2608 suae
663 2557 865 2608 sacramenta
886 2557 976 2608 casta

219 2650 321 2702 mater
342 2643 491 2703 ecclesia.
521 2644 612 2705 Sicut
633 2645 720 2704 enim
738 2645 805 2704 Eva
826 2645 974 2705 omnium

220 2739 397 2799 viventium
418 2749 521 2800 mater
536 2751 587 2801 est
601 2743 759 2818 appellata
781 2743 868 2816 etde
884 2752 975 2802 costa

219 2835 308 2896 Adae
330 2837 391 2897 viri
414 2838 464 2898 sui
481 2838 627 2918 formata,
649 2840 692 2900 ita
711 2849 743 2900 et
758 2849 869 2900 sancta
890 2841 975 2901 mili-

180 2967 208 3008 25
219 2945 290 2993 tans
312 2935 451 2994 ecclesia
473 2936 618 2996 omnium
636 2936 779 2997 fidelium
799 2947 903 2997 mater
925 2947 975 2999 est

217 3040 401 3107 nuncupata
423 3042 455 3093 et
476 3032 516 3092 de
532 3034 632 3093 latere
648 3034 773 3095 Christi
790 3035 902 3111 sponsi
922 3036 973 3096 sui

217 3128 400 3189 reformata.
429 3128 459 3191 O
483 3148 634 3208 magnum
658 3133 891 3208 et‘pretiosum
909 3134 974 3194 Do-

217 3226 295 3286 mini
319 3226 383 3286 mei
399 3228 529 3304 vulnus,
551 3229 724 3289 amandum
743 3248 842 3307 super
864 3216 975 3292 omnia

216 3325 975 3402 vulnera,profundissimeperforatumcunctis-

179 3437 280 3497 30que
323 3421 472 3482 fidelibus
514 3425 553 3483 ad
593 3424 777 3505 intrandum
814 3427 974 3488 latissime

217 3530 407 3592 reseratum,
429 3520 657 3581 miraculosius
681 3523 833 3596 liuidum,
863 3525 973 3601 copio-

577 3628 615 3669 roo
