2194 4180
101 610 135 662 et
158 618 217 678 pro
239 599 360 661 divinis
382 599 509 677 verbis,
539 617 719 678 quaecum
742 616 781 660 eo
804 600 859 660 ha·

101 697 221 773 buisti‚
249 706 282 758 et
302 715 361 775 pro
389 696 527 757 secretis
549 696 749 773 visionibus,
776 714 859 774 quas

102 796 167 856 sibi
189 795 320 872 saepius
342 795 524 856 ostendisti.
553 796 637 856 Nam
653 795 760 872 ipsum
782 811 860 871 prae

103 895 225 955 ceteris
246 894 403 971 apostolis
431 893 465 954 in
489 893 670 971 principem
700 902 732 954 et
753 901 860 970 pasto-

104 1009 174 1053 rem
185 992 367 1052 animarum
386 991 530 1052 lidelium
547 991 674 1069 elegisti
690 1000 722 1051 et
733 990 883 1052 cunctis⁵

103 1088 323 1166 praeposuisti
346 1098 379 1149 et
400 1098 473 1165 post
488 1089 669 1150 transitum
699 1099 790 1149 tuum
820 1104 860 1147 ex

104 1188 168 1247 hoc
189 1187 312 1247 mundo
334 1187 374 1246 ad
397 1187 526 1247 Patrem
549 1186 724 1248 caelestem
751 1185 859 1263 ipsum

104 1301 163 1360 pro
185 1294 217 1345 te
240 1284 399 1346 vicarium
429 1294 461 1345 et
483 1285 564 1344 caeli
590 1285 788 1361 clavigerum
811 1300 861 1343 re-

103 1382 241 1460 liquisti.

146 1480 217 1540 Nec
245 1490 354 1540 tamen
383 1498 402 1540 a
429 1489 484 1540 tua
506 1479 681 1542 dilectione
702 1490 776 1558 post
806 1479 898 1540 tri-1⁰

103 1594 180 1637 nam
202 1577 408 1654 negationem
432 1593 507 1636 eum
529 1577 688 1653 abiecisti,
716 1578 774 1638 sed
798 1587 862 1638 sta·

103 1674 163 1736 tim
186 1692 246 1752 per
266 1683 452 1752 respectum
474 1674 596 1751 gratiae
617 1684 692 1736 tuae
715 1677 754 1737 ad
776 1694 861 1737 ama·

105 1775 273 1836 tissimum
305 1773 417 1834 lletum
451 1789 508 1833 cor
538 1774 610 1835 eius
641 1775 799 1835 reduxisti
831 1784 863 1835 et

104 1889 237 1933 omnem
260 1871 419 1932 offensam
449 1870 482 1930 in
511 1881 543 1931 te
565 1872 774 1933 commissam
803 1872 863 1932 mi·

105 1970 316 2030 sericorditer
337 1968 400 2029 sibi
416 1977 448 2028 et
470 1969 566 2044 plene
584 1969 749 2031 indulsisti
765 1979 862 2048 atque
873 1980 897 2023 ¹⁵

105 2067 139 2128 in
162 2067 336 2145 pristinum
358 2067 493 2144 gradum
516 2076 548 2127 et
576 2067 784 2144 pontificatus
806 2069 863 2128 ho·

105 2182 221 2225 norem
252 2174 326 2242 post
355 2182 488 2242 gravem
520 2166 647 2242 lapsum
683 2167 863 2226 clementer

105 2263 290 2339 restituisti,
312 2280 331 2322 o
354 2263 428 2323 lons
443 2263 742 2323 misericordiarum
763 2272 795 2323 et
816 2262 864 2322 in·

105 2361 320 2422 exhauribilis
340 2370 470 2421 torrens
489 2361 680 2422 caelestium
703 2361 862 2421 donorum

106 2460 141 2520 in
163 2459 404 2536 paenitentibus
426 2468 458 2519 et
473 2458 628 2519 flentibus
647 2475 705 2535 pro
720 2457 898 2535 peccatiszo

106 2556 305 2632 commissis,
327 2573 346 2616 o
368 2556 518 2633 piissime
541 2557 673 2635 largitor
693 2556 809 2617 veniae
832 2564 864 2615 et

106 2655 200 2715 dator
221 2653 373 2714 caelestis
388 2653 520 2730 gratiae,
542 2671 561 2713 o
576 2654 682 2716 dulcis
697 2665 729 2716 et
744 2655 862 2716 dilecte

108 2751 250 2811 Domine
267 2751 341 2811 Iesu
357 2750 503 2826 Christe,
525 2751 558 2811 in
574 2753 727 2813 omnibus
742 2753 864 2814 sanctis

107 2858 139 2909 et
168 2847 283 2909 amicis
312 2847 379 2908 tuis
410 2848 449 2907 ab
480 2858 613 2909 aeterno
645 2851 776 2927 electis,
807 2850 862 2928 qui

107 2961 173 3005 non
190 2962 301 3006 cessas
316 2945 512 3006 benefacere
535 2955 567 3006 et
582 2946 719 3008 ellluere
741 2949 774 3008 in
797 2961 899 3008 om-25

107 3061 169 3104 nes
199 3044 238 3104 ad
270 3054 302 3104 te
334 3053 505 3104 currentes
536 3053 568 3104 et
599 3061 640 3105 ex
669 3055 737 3106 toto
766 3046 864 3106 corde

107 3141 313 3218 paenitentes
342 3151 374 3201 et
401 3142 531 3202 veniam
560 3143 729 3204 humiliter
754 3154 864 3221 postu·

107 3239 223 3299 lantes.

150 3337 259 3397 Laudo
281 3345 313 3396 et
335 3337 510 3414 praecipue
541 3338 723 3398 honorifico
750 3348 783 3399 te
805 3355 863 3416 pro

6 3505 8 3518 Ι
107 3444 164 3495 tua
198 3434 338 3495 maxima
372 3435 613 3512 benivolentia,
655 3435 732 3512 quia
766 3435 900 3496 hodieso

99 3539 186 3593 'vere
203 3532 380 3609 apparuisti
397 3543 509 3593 sancto
526 3534 633 3609 Petro,
656 3533 774 3594 dilecto
790 3551 864 3611 apo·

468 3639 509 3680 259
716 3638 758 3680 17·
