2118 4180
232 439 976 550 efflatum&

441 645 712 722 [CAPITVLVM
737 645 772 722 1.]

225 778 388 853 Incipiunt
414 777 548 836 devotae
573 777 751 853 gratiarum
779 779 922 839 actiones
943 779 983 838 de

225 880 293 934 toto
315 875 383 934 vita
405 874 589 933 mediatoris
604 875 663 933 Dei
683 879 715 934 et
731 877 896 936 homiuum
910 877 982 936 lesu

227 971 353 1032 Christi.
372 973 414 1031 Et
424 972 529 1047 primo
544 972 648 1031 oratio
664 973 799 1033 multum
809 974 982 1034 excitativa

189 1101 203 1141 5
402 1069 446 1128 ad
468 1069 669 1129 laudandam
690 1071 800 1129 Deum.

231 1163 444 1382 &omine
466 1221 558 1280 Deus
580 1238 691 1296 meus,
720 1222 850 1282 laudare
872 1231 903 1283 te
926 1222 981 1283 de·

354 1319 482 1392 sidero,
522 1318 598 1394 quia
637 1320 676 1378 ad
714 1320 909 1380 laudandum
947 1329 979 1380 te

224 1426 367 1476 creatum
397 1432 450 1475 me
478 1432 629 1491 agnosco.
671 1414 771 1491 Aperi
803 1433 840 1475 os
868 1433 979 1476 meum

223 1513 256 1572 in
292 1515 420 1573 landem
456 1521 563 1587 tuam,
605 1523 639 1572 ut
675 1523 800 1573 cantem
843 1513 978 1589 gloriam

190 1610 347 1675 ronomini
370 1619 435 1670 tuo.
468 1609 579 1669 Excita
600 1627 657 1669 cor
678 1627 786 1670 meum
810 1611 842 1670 in
865 1621 907 1687 te,
930 1629 979 1671 re·

223 1709 308 1785 pelle
323 1717 420 1768 omne
435 1706 588 1782 taedium,
610 1707 746 1767 infunde
760 1709 905 1784 gratiam,
928 1727 979 1769 ac-

223 1808 326 1867 cende
355 1822 516 1879 amorem‚
547 1814 582 1864 ut
610 1805 667 1863 tibi
699 1804 824 1866 debitas
852 1807 977 1882 possim

221 1905 340 1982 gratias
382 1904 580 1980 persolvere.
635 1900 739 1962 Aufer
774 1902 978 1978 iniquitatem

223 2003 310 2063 servi
333 2003 396 2078 tui,
424 1999 545 2061 munda
573 2017 625 2059 me
654 2000 692 2059 ab
719 1999 807 2059 omni
830 2000 980 2076 inquina-

190 2111 333 2165 rsmento
344 2099 452 2160 carnis
467 2115 503 2158 ac
519 2098 664 2173 spiritua,
679 2109 714 2158 ut
724 2099 841 2175 dignus
854 2099 980 2159 efficiar

223 2199 257 2260 in
271 2199 317 2259 tui
333 2196 477 2258 nominis
493 2198 651 2256 honorem
665 2196 748 2255 labia
758 2212 831 2280 mea
841 2196 979 2272 aperire.

263 2295 327 2356 Sed
353 2305 440 2354 tuam
466 2293 649 2370 abyssalem
674 2293 853 2353 maiestatis
877 2294 980 2370 digni·

222 2401 320 2452 tatem
343 2392 417 2468 quis
439 2391 534 2468 digne
556 2391 688 2450 laudare
709 2391 854 2467 poterit?
894 2392 980 2452 Ecce

223 2506 338 2550 omnes
353 2490 491 2549 virtutes
513 2488 676 2548 caelorum
692 2497 789 2564 atque
804 2489 979 2550 universae

186 2597 400 2664 zopotestates
429 2587 687 2663 angelicae'non
715 2586 883 2648 sufficiunt
904 2596 979 2649 tuae

223 2685 427 2745 celsitudinis
448 2684 703 2760 magnitudinem
728 2685 887 2761 condigne
912 2686 980 2745 lau-

223 2784 315 2858 dare,
343 2791 464 2859 quanto
493 2781 602 2841 minus
631 2783 728 2841 homo
754 2780 892 2858 fragiliS‚
921 2800 979 2858 pu·

222 2880 314 2940 tredo
343 2890 375 2939 et
403 2878 535 2939 vermis.
581 2878 699 2939 Deficit
728 2879 815 2938 enim
845 2879 878 2938 in
903 2896 980 2939 con-

222 2977 318 3053 digna
346 2978 440 3037 laude
469 2984 523 3035 tua
548 2975 655 3035 omnis
679 2987 842 3051 creatura,
871 2976 979 3036 omnis

185 3073 313 3149 aratio,
329 3073 436 3133 omnis
451 3073 561 3149 lingna
578 3081 609 3132 et
626 3073 866 3133 sermocinatio.
890 3073 979 3150 Quid

222 3172 345 3248 igitur?
388 3171 536 3233 Cessabo
567 3189 586 3230 a
614 3170 708 3230 laude
739 3179 809 3246 tua,
841 3169 918 3246 quia
947 3179 980 3230 te

222 3267 317 3344 digne
340 3269 470 3328 laudare
491 3269 647 3344 nequeo?
681 3263 747 3327 Aut
769 3268 842 3327 ideo
864 3269 979 3327 tacebo

221 3375 253 3426 et
275 3366 408 3426 omnino
431 3376 541 3426 mutus
570 3382 643 3441 ero,
672 3366 748 3441 quia
774 3363 979 3424 immundum

221 3471 253 3522 et
268 3462 523 3524 insufficientem
539 3480 592 3523 me
608 3479 682 3523 esse
698 3463 887 3538 cognosco?
914 3460 981 3522 Ab·

184 3558 262 3619 eosit
284 3577 302 3619 a
323 3577 375 3621 me
398 3560 592 3637 ingratitudo
613 3559 683 3634 ista,
706 3569 740 3618 ut
760 3575 888 3618 cessem
911 3560 979 3618 lau-

593 3665 607 3704 4
