2152 4174
243 432 989 542 Qssffio‘ffismafflffi

234 623 399 684 tinendam
416 633 568 682 aeternae
584 621 670 681 vitae
686 621 991 682 immarcescibilem

236 737 400 782 coronam.

276 816 305 878 Ο
336 817 410 876 Iesu
440 815 646 894 pauperrime
678 825 709 876 et
741 815 903 877 ditissime
937 833 992 876 rex

236 932 359 991 regum,
384 914 525 975 Domine
547 914 753 991 pauperrime
775 914 808 973 in
831 914 993 974 ablatione

211 1013 506 1077 svestimentorum
536 1022 568 1072 et
596 1011 778 1088 privatione
802 1011 994 1086 amicorum,
1065 987 1066 1062 Τ

236 1110 397 1171 ditissime
428 1109 621 1187 spiritalium
651 1126 824 1169 munerum
854 1109 993 1186 plenitu-

235 1208 322 1283 dine,
350 1208 390 1268 da
418 1207 498 1267 mihi
528 1207 726 1284 pauperculo
754 1216 810 1267 tuo
837 1208 877 1267 de
900 1208 994 1284 copia

235 1306 391 1366 virtutum
420 1314 549 1365 tuarum
579 1321 676 1364 unam
706 1305 821 1364 saltem
847 1303 993 1380 perfecte
1066 1285 1067 1306 ³

235 1404 392 1481 consequi
415 1403 586 1476 virtutem,
613 1418 655 1461 ne
684 1403 792 1462 nudus
821 1418 930 1461 coram
960 1410 993 1461 te

201 1525 226 1566 lo
236 1502 385 1563 inveniar
406 1511 438 1561 et
460 1500 635 1576 confusus,
664 1499 749 1560 sicut
777 1498 849 1574 ille,
878 1499 932 1577 qui
959 1499 992 1560 in

236 1601 332 1660 domo
370 1597 511 1660 convivii
549 1597 621 1658 sine
651 1605 743 1657 veste
777 1597 912 1673 nuptiali
942 1607 993 1657 est
1067 1665 1068 1670 ἵ

236 1706 385 1774 repertus
413 1705 509 1772 atque
538 1710 596 1771 pro
627 1712 686 1754 sua
715 1693 921 1754 deformitate
952 1695 993 1755 de
1067 1703 1068 1708 ’

235 1802 330 1852 coetu
360 1800 546 1852 sanctorum
577 1810 653 1852 mox
684 1793 850 1869 expulsus,
900 1791 992 1852 Scin·

236 1892 329 1951 datur
356 1907 413 1951 cor
441 1908 550 1951 meum
578 1890 829 1968 compunctione
859 1889 992 1949 salutari

201 1989 269 2057 isin
293 1988 483 2050 memoriam
507 1988 694 2048 vestimenti
723 1987 769 2048 tui
794 1986 993 2064 quadrifarie

236 2086 413 2164 dispertiti,
441 2094 476 2146 ut
498 2101 697 2163 compungar
722 2093 777 2144 aut
800 2083 918 2144 timore
940 2101 994 2162 ge·

197 2230 199 2234 .
236 2184 365 2242 hennae
387 2191 440 2242 aut
455 2199 514 2259 spe
530 2183 658 2243 futurae
672 2182 794 2261 gloriae
810 2191 864 2241 aut
880 2181 993 2242 dolore
1068 2191 1069 2240 l

236 2280 416 2357 iniquitatis
439 2279 632 2357 praeteritae
660 2289 715 2340 aut
738 2296 849 2339 amore
871 2280 994 2358 gratiae

237 2377 299 2438 iam
323 2387 505 2455 perceptae.
549 2379 675 2441 Confer
704 2389 735 2439 et
759 2377 839 2439 mihi
863 2378 994 2456 signum

199 2476 366 2547 wtunicae
395 2485 469 2536 tuae
498 2476 706 2537 inconsutilis
737 2477 893 2538 unitatem
927 2495 996 2539 ser·

237 2589 314 2633 vare
337 2572 498 2634 fraternae
523 2575 665 2635 caritatis
694 2574 727 2635 in
750 2575 881 2635 vinculo
904 2576 996 2653 pacis

237 2688 434 2747 omnemque
481 2672 648 2732 materiam
694 2673 822 2734 abicere
868 2675 997 2735 dissen-

238 2766 358 2843 sionis,
386 2770 546 2830 tumultus
568 2770 671 2831 vitare
693 2772 833 2847 saeculi,
859 2773 898 2832 ab
922 2789 997 2833 eva-

237 2866 421 2944 gationibus
452 2876 484 2928 et
515 2869 736 2930 locutionibus
767 2868 888 2945 ineptis
924 2870 997 2929 abs·

200 2962 342 3036 25tinere
364 2973 496 3040 propter
517 2965 665 3025 internae
694 2965 815 3043 quietis
839 2982 997 3042 amorem,

238 3070 348 3138 optare
377 3078 552 3138 pauperem
583 3071 615 3123 et
643 3062 864 3123 absconditam
895 3062 995 3122 vitam

237 3168 345 3218 tecum
362 3159 492 3234 ducere,
507 3159 552 3219 nil
570 3159 734 3220 felicitatis
750 3160 782 3219 in
798 3161 860 3219 hoc
871 3160 996 3220 mundo

238 3273 375 3333 cupere,
403 3257 449 3317 nil
472 3257 678 3335 proprietatis
700 3274 819 3332 amare,
841 3258 998 3334 quemad-

238 3354 370 3413 modum
393 3364 427 3415 tu
449 3355 530 3415 nihil
553 3364 719 3415 terrenum
742 3355 775 3414 in
794 3356 857 3415 hoc
871 3356 996 3415 mundo

200 3452 433 3528 aopossedisti‚
462 3453 520 3512 sed
551 3452 714 3512 modicum
744 3453 996 3529 qualecumque,

238 3566 302 3625 quo
327 3550 373 3609 uti
395 3550 434 3609 ad
457 3549 666 3628 indigentiam
690 3550 869 3626 videbaris,
896 3551 994 3612 etiam

600 3655 638 3696 134
