2142 4172
86 417 842 530 &Quaem

84 608 210 670 Contra
233 609 422 686 frequentes
437 607 649 669 abstinentias
667 627 685 668 a
707 609 788 669 cibis
810 618 842 669 et

83 706 215 783 potibus
240 716 369 783 praesta
396 706 476 766 mihi
499 706 652 766 virtutem
675 705 841 767 ieiunandi

83 822 160 864 cum
191 803 376 864 valetudine
408 804 591 879 laborandi,
622 803 752 863 veniam
783 821 842 880 pro

83 902 228 979 peccatis
239 902 434 977 commissis,
449 902 629 962 custodiam
644 903 842 979 profuturis,

83 999 866 1076 refrigeriumapoenisdebitis,spemaetemae5

51 1093 55 1098 ’
82 1097 294 1158 beatitudinis
325 1098 358 1157 in
390 1115 490 1175 regno
521 1098 581 1159 Dei
613 1114 687 1157 cum
719 1096 842 1157 electis.

84 1194 211 1256 Contra
232 1195 392 1272 pigritiam
414 1197 448 1256 in
471 1196 581 1257 divino
606 1195 716 1255 oflicio
738 1195 843 1255 excita

83 1313 139 1355 me
168 1313 242 1356 cum
265 1296 390 1356 cantico
415 1295 448 1355 in
477 1294 630 1371 psalterio
660 1304 692 1354 et
721 1293 844 1352 cithara

83 1409 145 1469 per
161 1394 316 1454 Dauidica
330 1395 430 1455 verba
450 1412 469 1454 a
485 1393 606 1470 Spiritu
627 1401 739 1452 sancto
757 1390 843 1450 edita

83 1500 119 1550 et
133 1491 221 1566 aperi
238 1491 319 1550 mihi
335 1491 559 1551 absconditum
572 1507 691 1550 manna
705 1489 738 1548 in
754 1487 881 1548 aridam

83 1587 180 1648 litera
208 1597 239 1648 et
260 1589 404 1665 pretiosa
425 1598 567 1649 aromata
588 1588 622 1647 in
645 1587 700 1647 vili
724 1587 843 1664 pyxide

83 1687 205 1748 clausa.
235 1688 340 1748 Multa
361 1687 492 1764 quidem
511 1696 638 1747 secreta
659 1685 844 1763 panduntur

83 1786 203 1846 devote
225 1784 328 1844 oranti
352 1794 384 1844 et
406 1784 531 1844 seriose
547 1781 738 1858 advertenti,
760 1798 843 1859 quae

82 1880 214 1957 vaganti
251 1890 283 1940 et
314 1879 477 1957 pigritanti
509 1879 594 1939 iuste
630 1881 843 1940 occultantur.

84 1978 212 2040 Contra
233 1977 483 2038 somnolentiam
507 1977 539 2036 in
561 1976 730 2036 matutinis
752 1979 843 2037 trahe
858 1990 882 2030 1⁵

83 2093 139 2136 me
162 2093 220 2151 per
240 2092 352 2135 aurem
376 2075 499 2149 durius,
521 2084 557 2134 ut
572 2073 724 2150 evigilem
748 2074 844 2134 citius

83 2174 125 2234 ad
148 2173 363 2248 audiendum,
392 2173 469 2250 quid
498 2172 650 2249 loquatur
676 2171 755 2232 mihi
780 2172 844 2231 Do·

82 2271 196 2331 minus
224 2270 258 2330 in
287 2269 458 2345 scripturis
481 2269 621 2344 sanctis,
649 2269 683 2328 in
712 2269 845 2345 hymnis

83 2377 118 2428 et
140 2367 276 2427 canticis
298 2367 368 2427 suis
390 2366 429 2426 ad
451 2366 643 2443 erigendum
660 2383 716 2424 cor
733 2363 843 2430 meum

83 2465 126 2525 ad
138 2464 244 2525 Deum
256 2482 365 2525 meum
382 2463 416 2524 in
430 2464 530 2524 caelis
541 2474 574 2524 et
583 2463 843 2524 obliviscendum
855 2479 882 2520 ao

84 2580 135 2638 ea,
158 2579 240 2639 quae
262 2571 420 2639 geruntur
440 2563 473 2622 in
496 2562 602 2622 terris.

128 2661 262 2737 Repelle
278 2679 296 2720 a
311 2678 363 2720 me
378 2677 508 2720 omnem
521 2669 685 2736 torporem
698 2661 845 2737 corporis

84 2767 119 2817 et
141 2757 229 2833 aperi
247 2758 326 2818 mihi
344 2775 455 2818 aurem
472 2757 591 2833 cordis,
613 2766 649 2817 ut
670 2757 703 2817 in
726 2759 844 2819 ecstasi

84 2855 207 2916 mentis
241 2872 369 2916 merear
409 2872 468 2931 per
504 2854 659 2931 Spiritum
696 2866 844 2916 sanctum

85 2952 298 3029 contemplari
331 2962 457 3012 secreta
489 2951 642 3012 caelestia
672 2961 705 3012 et
733 2952 883 3013 audireaa

84 3068 188 3112 voces
216 3061 402 3110 sanctorum
433 3050 621 3126 angelorum
644 3049 844 3110 laudantium

86 3159 120 3208 et
151 3147 358 3224 psallentium
390 3147 602 3208 devotissime
631 3146 744 3207 laudes
775 3147 845 3206 Deo

85 3247 120 3307 in
144 3247 274 3307 excelso
290 3248 416 3306 throno.
446 3245 476 3307 O
493 3245 616 3305 utinam
633 3262 741 3305 essem
759 3262 845 3304 unus

84 3361 127 3404 ex
156 3343 260 3403 eisin
287 3345 377 3405 caelo
406 3345 444 3405 ad
475 3345 669 3406 cantandum
700 3344 744 3405 ibi
771 3363 845 3405 cum

85 3441 153 3501 eis:
182 3441 336 3517 Sanctus,
359 3451 501 3517 sanctus,
523 3452 657 3502 sanctus
679 3442 713 3501 in
736 3444 883 3502 choroao

86 3539 131 3598 Hi
167 3556 345 3616 numquam
380 3549 569 3616 torpescunt
604 3557 665 3601 nec
697 3558 716 3600 a
751 3540 846 3600 laude

130 3646 223 3685 lucanae
237 3657 252 3684 a
266 3646 295 3685 K.
310 3643 370 3687 Med.
451 3645 493 3686 353
714 3644 741 3685 23
