2144 4168
393 544 557 599 Epllegomena.

160 695 272 754 Restat
300 711 386 754 unus
409 695 512 772 Puyol
528 700 546 771 ¹,
574 695 629 772 qui
658 714 763 773 nuper
787 707 850 758 tam

96 775 162 835 levi
191 775 345 835 bracchio
374 792 442 835 rem
468 776 550 853 egit,
578 786 630 852 ut,
658 794 741 854 quae
762 779 852 839 testi-

97 855 209 916 monia
236 872 296 932 ego
323 855 516 931 gravissima
545 873 620 917 esse
650 875 716 918 non
745 859 851 919 solum

97 935 319 1011 contendisse,
341 936 399 996 sed
422 936 518 996 etiam
541 937 653 997 multis
669 938 783 1015 eisque
805 940 853 1000 lu·

98 1016 239 1077 culentis
267 1016 474 1077 documentis
502 1017 745 1079 demonstrasse
771 1020 851 1081 mihi

97 1096 229 1172 videor,
264 1114 303 1157 ea
332 1097 470 1157 multum
501 1098 701 1158 auctoritatis
732 1100 853 1161 habere

98 1176 172 1238 sine
200 1177 277 1237 ullis
307 1177 508 1254 argumentis
537 1178 730 1254 simpliciter
756 1197 853 1257 nega·

98 1257 192 1318 verit.
243 1257 303 1332 Vt,
338 1257 371 1317 in
402 1274 466 1334 quo
497 1259 594 1319 cardo
623 1260 669 1319 rei
699 1269 853 1338 vertatur,

98 1338 212 1415 paucis
234 1337 350 1413 dicam,
373 1339 477 1415 Puyol
499 1355 565 1398 non
581 1337 737 1401 Thomam
755 1342 853 1401 Kem-

99 1435 253 1496 pensem,
294 1419 352 1479 sed
390 1435 486 1478 suum
527 1419 681 1481 loannem
711 1421 853 1498 Gersen,

100 1516 198 1577 quem
229 1516 271 1560 ne
302 1499 406 1560 luisse
435 1499 566 1576 quidem
596 1516 750 1577 umquam
781 1519 853 1578 per-

99 1596 234 1641 suasum
266 1580 442 1655 habemus,
472 1579 771 1656 praestantissimos
803 1584 853 1643 De

98 1660 281 1721 imitatione
304 1658 430 1721 Christi
460 1659 561 1720 libros
589 1661 764 1737 scripsisse
786 1662 854 1739 opi·

98 1750 213 1817 natus,
241 1749 276 1800 ut
297 1739 454 1800 Thomam
483 1749 616 1817 propter
637 1741 759 1818 ingenii
783 1761 854 1819 par-

99 1821 232 1882 vitatem
246 1825 257 1857 2
272 1837 385 1881 eorum
401 1829 568 1881 auctorem
584 1838 739 1882 essenon
755 1840 853 1899 posse

99 1903 356 1976 demonstraret,
385 1901 481 1961 etiam
512 1901 638 1978 reliqua
662 1901 733 1962 eius
755 1921 854 1980 opera

99 1981 273 2044 sententiis
288 1981 550 2057 praeclarissima
564 1999 712 2059 magnam
728 1993 852 2059 partem
897 2039 900 2054 ,

99 2063 173 2123 eius
188 2078 263 2123 esse
278 2071 402 2122 temere
418 2061 575 2122 infitiatus
590 2072 639 2122 est
652 2068 671 2122 ⁸.
701 2063 798 2140 Quod
819 2074 853 2125 ut

100 2142 259 2218 efiiceret,
274 2142 372 2202 indici
388 2142 435 2201 illi
452 2159 587 2218 operum
598 2142 742 2204 Thomae
758 2145 852 2205 aetati

99 2224 205 2301 ipsius
226 2239 331 2298 paene
348 2222 475 2299 aequali
491 2223 612 2283 nullam
629 2224 741 2300 utique
757 2224 853 2285 iidem

99 2303 282 2365 habendam
305 2319 380 2363 esse
404 2312 553 2363 accurate
577 2303 794 2365 evincendum
824 2305 854 2365 ei

100 2393 187 2460 erat3
222 2383 308 2460 quod
344 2399 385 2444 ne
417 2392 553 2443 conatus
584 2384 715 2460 quidem
747 2386 856 2446 omnia

100 2481 250 2542 negasse,
272 2463 430 2540 probasse
451 2463 533 2523 nihil
556 2465 659 2524 satius
680 2465 801 2527 habuit.

163 2564 230 2623 lam
253 2562 339 2639 quod
363 2562 467 2638 Puyol
491 2561 704 2623 Sommalium
734 2562 767 2621 in
790 2562 856 2622 edi-

100 2644 191 2707 tione
213 2641 357 2703 Thomae
380 2658 515 2718 operum
538 2642 643 2717 tertia,
665 2659 748 2719 quae
770 2659 855 2703 anno

99 2789 261 2798 -.——...

162 2865 171 2892 ¹
187 2863 292 2905 L'auteur
311 2862 341 2903 du
363 2863 420 2904 livre
435 2862 469 2903 De
483 2862 606 2903 imitatione
621 2859 723 2912 Cbrlsti,
746 2864 855 2913 premiere

100 2920 196 2969 semion,
212 2917 286 2969 Paris,
301 2916 326 2958 V.
344 2915 435 2967 Retaux,
451 2913 646 2957 mccccxctx
660 2926 682 2966 p.
697 2915 811 2958 557—559.

162 2981 172 3008 ¹
185 2979 204 3021 Α
218 2980 328 3022 contrarie
347 2986 407 3030 parte
427 2985 486 3018 stant
507 2977 560 3019 haec
574 2976 672 3020 Thomae
687 2979 812 3030 aequalium
828 2979 855 3020 de

100 3048 128 3078 eo
143 3035 239 3076 iudlcla:
254 3034 276 3086 a)
291 3033 317 3074 ln
327 3031 442 3074 Chronico
458 3039 526 3073 mont.
537 3043 557 3073 s.
568 3030 659 3083 Agnetis
675 3041 696 3083 p.
710 3031 855 3074 terrisonae

100 3088 211 3132 tractatuli
226 3087 365 3138 appellantur
387 3085 548 3138 ,praegrandes
571 3087 593 3126 ln
613 3086 723 3126 sententia
744 3094 765 3127 et
779 3087 855 3137 operis

99 3141 221 3185 elflcacla“.
248 3141 270 3193 b)
285 3139 366 3181 Auctor
381 3150 506 3192 anonymus
521 3138 603 3181 indicis
619 3138 690 3191 illius,
705 3151 771 3192 quem
786 3151 855 3192 supra

100 3191 854 3291 illil‘ll‘llllttllllalllilltt'ltlle‘attilii

100 3304 195 3345 domino
211 3300 323 3342 Florentio
341 3308 363 3342 et
383 3300 433 3340 elus
449 3299 563 3341 iratribus.
592 3301 612 3352 c)
627 3298 773 3352 Trithemlus‚
788 3312 854 3352 quem

100 3370 113 3399 a
129 3364 203 3398 ertum
225 3362 260 3396 est
274 3353 379 3395 loannem
393 3361 415 3394 et
429 3350 537 3393 Thomam
554 3352 682 3394 Hemerken
702 3352 781 3395 iratres
796 3353 854 3394 duos

121 3411 202 3451 homas
216 3419 268 3450 esse
283 3407 340 3449 falso
355 3406 474 3457 statuisse,
496 3406 518 3446 in
534 3404 641 3458 Catalogo
656 3406 738 3449 illustr.
754 3408 854 3448 virorum

100 3463 240 3507 Germaniae
258 3469 322 3502 vocat
343 3460 420 3510 ,ambo
443 3461 531 3511 ingenio
553 3461 712 3511 praestantest.
741 3461 764 3513 d)
781 3460 854 3502 Frater

101 3518 184 3560 Petrus
200 3514 291 3566 lmpens
306 3514 330 3564 (τ
347 3512 519 3564 1523)·Tbomae
534 3513 612 3554 tribuit
626 3513 744 3556 docibilem
759 3523 780 3555 et
794 3514 855 3555 duci·

99 3572 169 3614 bilem
181 3569 288 3618 indolem,
303 3567 420 3619 perspicax
431 3567 553 3618 ingenium,
569 3568 699 3608 memoriam
712 3569 854 3610 tenaciorem.

164 3633 173 3661 ³
188 3630 269 3685 Puyol,
285 3629 390 3672 L’auteur
404 3638 427 3679 ρ.
442 3629 542 3682 setisqq.

459 3716 500 3758 Μ
