2152 4174
251 385 993 495 Quaem&

244 591 307 652 que
337 573 429 634 lieret
459 573 525 633 vita
555 582 703 649 aemma,
733 589 851 649 passus
879 591 917 634 es
946 584 999 635 tua
1067 585 1068 604 ¹

243 672 300 732 tibi
323 671 443 732 auferri
458 670 663 746 vestimenta,
685 670 852 731 doloribus
874 681 906 731 et
924 689 999 734 con·
1064 605 1068 808 1

243 769 428 830 fusionibus
450 768 577 843 impleri
601 778 632 828 et
649 768 778 828 tandem
795 769 1000 832 amarissima
1067 809 1068 834 1

243 876 347 928 morte
369 865 509 926 multari.
1064 845 1068 920 l

220 992 234 1032 5
283 966 391 1025 Laudo
420 973 453 1024 et
481 962 662 1023 honorifico
689 972 737 1039 te,
768 965 999 1027 ardentissime
1066 953 1068 962 ’

243 1070 366 1121 amator
376 1059 490 1120 salutis
502 1069 644 1136 nostrae,
658 1077 717 1135 pro
731 1070 787 1121 tua
801 1062 1001 1139 rigidissima

242 1159 434 1220 extensione
482 1175 582 1234 super
630 1158 841 1219 durissimum
890 1162 999 1222 crucis

241 1257 364 1333 lignum
394 1256 450 1316 tibi
479 1257 518 1316 ad
547 1256 783 1332 appodiandum
807 1257 999 1320 immolliter

241 1355 444 1429 subiectum,
471 1371 529 1430 pro
559 1353 747 1414 acutissima
774 1355 999 1430 perforatione

208 1473 231 1515 ro
241 1470 395 1514 manuum
412 1470 448 1512 ac
463 1453 583 1528 pedum
598 1461 728 1513 tuorum
751 1461 782 1513 et
805 1452 998 1516 incussione
1064 1453 1068 1514 l

240 1567 429 1627 grossorum
465 1550 651 1624 clavorum,
694 1567 832 1626 quorum
869 1553 999 1614 sonitus
1062 1539 1068 1568 ’

241 1648 345 1725 potuit
359 1665 378 1708 a
392 1655 517 1707 remoto
533 1647 636 1707 audiri
653 1655 685 1707 et
699 1647 896 1709 intuentium
919 1651 998 1710 dura
1064 1593 1068 1692 ι

241 1747 338 1806 corda
370 1745 522 1806 flebiliter
554 1761 771 1805 commovere.
821 1746 896 1805 Heu
933 1748 997 1806 heu
1066 1769 1067 1810 t

241 1853 304 1904 tarn
327 1844 474 1904 valenter
495 1842 612 1903 affixus
634 1859 671 1902 es
700 1843 806 1919 cruci,
835 1853 870 1904 ut
892 1845 996 1921 ruptis

207 1965 231 2008 rs
241 1942 348 2002 subito
370 1941 466 2002 venis
481 1940 628 2017 corporis
643 1958 682 2001 ex
698 1950 837 2017 quatuor
850 1941 996 2018 partibus

240 2039 413 2099 ebullirent
435 2037 568 2114 pretiosi
592 2037 761 2114 sanguinis
782 2039 828 2100 tui
851 2039 913 2100 rivi
936 2041 995 2099 lar·
1065 2083 1066 2090 κ

239 2138 375 2215 gissimi.
404 2137 482 2198 Tam
505 2137 651 2214 rigorose
673 2137 769 2198 etiam
788 2138 995 2214 perlongum
1065 2179 1067 2220 Ι

239 2235 404 2311 latumque
436 2234 610 2294 distraetus
641 2251 677 2294 es
710 2235 802 2311 quasi
834 2233 931 2310 pellis
962 2234 995 2293 in
1065 2225 1067 2253 ¹

239 2332 370 2394 modurn
393 2341 529 2392 extensa
548 2332 705 2408 tympani,
727 2340 762 2392 ut
776 2348 892 2391 omnes
908 2348 996 2391 com·
1064 2287 1066 2438 ι

202 2454 229 2495 ao
238 2446 337 2505 peges
352 2430 573 2489 membrorum
584 2437 714 2490 tuorum
725 2429 996 2504 dissolverentur,

239 2536 270 2587 et
292 2528 402 2588 omnia
424 2544 500 2587 ossa
520 2536 656 2603 possent
673 2526 824 2588 distincte
847 2526 996 2586 dinume-

239 2624 312 2685 rari.
363 2623 545 2685 Permisisti
575 2624 684 2701 itaque
714 2641 831 2684 manus
860 2633 934 2684 tuas
963 2633 996 2684 et

237 2724 339 2799 pedes
354 2724 393 2782 ab
408 2722 530 2800 iniquis
541 2722 710 2798 transfodi,
724 2731 886 2799 quatenus
895 2739 996 2798 grave

237 2819 328 2882 Adae
363 2820 527 2896 debiturn,
563 2820 617 2897 qui
653 2819 768 2880 noxias
802 2836 919 2880 manus
955 2821 996 2880 ad
1062 2887 1063 2900 χ

201 2918 361 2995 aslignum
379 2918 567 2979 extenderat
582 2917 643 2978 sibi
659 2917 869 2993 prohibitum,
891 2918 996 2978 sacris
1062 2903 1063 2910 ἵ

237 3015 387 3076 manibus
419 3015 485 3075 tuis
514 3015 547 3074 in
576 3031 674 3075 cruce
703 3014 776 3074 lixis
804 3016 996 3076 absolveres

237 3123 269 3173 et
290 3114 411 3173 nodum
434 3111 557 3172 veteris
578 3110 697 3187 piaculi
724 3111 778 3188 pio
800 3129 916 3172 cruore
938 3113 996 3173 de-

235 3218 392 3285 tergeres.

278 3306 386 3366 Laudo
409 3316 441 3366 et
461 3305 608 3382 glorifico
629 3315 662 3366 te
684 3324 742 3382 pro
767 3317 821 3367 tua
842 3308 906 3368 alta
927 3309 994 3368 ele-

199 3403 365 3464 sovatione
388 3402 420 3463 in
443 3420 541 3465 cruce
570 3412 602 3464 et
625 3404 750 3479 prolixa
772 3406 993 3482 suspensione
1058 3375 1060 3512 i

236 3503 269 3563 in
291 3503 450 3579 patibulo,
474 3502 507 3563 in
530 3502 617 3578 ligno
639 3503 733 3562 valde
755 3503 992 3580 contemptibili
1058 3515 1060 3556 l

597 3607 634 3647 11⁴
