2152 4174
99 417 844 526 Qffliutaafflffi

90 606 137 667 tui
155 606 232 666 Iesu
256 605 449 666 cordintime
472 604 650 680 reminisci,
672 603 727 681 qui
749 603 853 664 omni-

90 704 153 763 bus
176 703 319 763 nudatus
341 702 520 762 amicorum
535 701 709 778 praesidiis
726 718 853 762 memor

90 800 153 860 luit
176 800 223 860 tui
247 799 352 860 solius
374 798 407 859 in
431 799 597 860 extremis

247 1044 518 1122 [cxmrvnvm
543 1043 705 1120 xxvum

104 1203 153 1262 De
174 1203 229 1262 siti
250 1201 382 1261 Domini
402 1201 472 1260 lesu
495 1201 528 1260 in
550 1217 642 1261 cruce
659 1201 838 1276 pendentis.
862 1221 875 1260 s

171 1330 200 1358 a,

89 1331 341 1549 ἕξιππα
364 1395 396 1446 et
409 1386 529 1463 gratias
544 1404 604 1464 ago
619 1385 688 1461 tibi,
711 1385 852 1446 Domine

226 1485 300 1544 lesu
316 1484 462 1559 Christe,
482 1483 556 1544 lons
578 1501 681 1561 aquae
702 1484 797 1544 vivae
821 1494 853 1544 et

90 1581 187 1641 rivus
209 1581 389 1658 sapientiae
411 1582 574 1658 salutaris,
598 1601 656 1659 pro
678 1592 733 1643 tua
754 1584 853 1643 vehe-

90 1678 197 1739 menti
220 1678 273 1738 siti
296 1679 329 1740 in
344 1696 453 1755 cruce,
474 1679 603 1757 quando
619 1696 712 1740 sacro
734 1689 766 1740 et
781 1696 852 1756 pre·

90 1775 180 1836 tioso
216 1776 374 1853 sanguine
409 1786 465 1837 tuo
496 1776 603 1837 effuso
634 1777 852 1854 omnibusque
864 1798 889 1839 ιο

89 1873 297 1934 naturalibus
312 1874 483 1934 umoribus
504 1876 545 1935 ob
563 1874 683 1934 nimios
705 1874 852 1950 corporis

90 1970 260 2031 cruciatus
282 1972 451 2032 exhaustis
475 1989 552 2049 prae
574 1971 762 2034 vehementi
792 1971 853 2032 ari·

89 2069 195 2130 ditate
225 2069 322 2130 etiam
354 2070 566 2146 corporaliter
601 2069 717 2130 sitiens
752 2067 854 2144 fuisti,

90 2166 155 2238 sed
185 2166 370 2227 ardentiore
401 2176 510 2227 tamen
543 2166 706 2227 desiderio
738 2165 853 2226 salutis

90 2272 227 2326 nostrae
248 2264 434 2325 sitibundus
454 2266 543 2325 velut
564 2281 688 2341 pauper
709 2273 741 2323 et
764 2280 888 2328 men-15

91 2362 189 2422 dicus
204 2361 315 2423 bibere
331 2362 501 2439 postulasti
518 2362 647 2422 dicens:
664 2360 755 2422 Sitio.
787 2360 852 2422 Sed

92 2459 174 2520 huic
196 2460 332 2536 exiguae
348 2459 498 2535 petitioni
514 2459 628 2534 deluit,
649 2459 705 2536 qui
721 2474 853 2518 succur-

92 2566 200 2631 reret,
228 2566 263 2616 ut
285 2557 399 2618 saltem
423 2558 557 2619 calicem
585 2575 688 2635 aquae
718 2557 853 2634 frigidae

92 2654 153 2716 tibi
190 2655 336 2715 omnium
368 2672 523 2732 aquarum
556 2655 715 2716 conditori
751 2652 853 2730 porri-

92 2761 196 2832 geret.
238 2753 472 2814 Verumtamen
495 2753 625 2830 quidam
653 2769 693 2813 ex
715 2751 889 2812 circum-au

93 2848 257 2911 stantibus
279 2852 341 2910 hoc
370 2850 541 2912 audientes
570 2866 775 2928 nequaquam
805 2848 851 2910 tui

93 2956 173 3009 sunt
194 2947 338 3022 miserti,
366 2949 424 3009 sed
455 2948 722 3009 inclementiores
751 2964 852 3008 exeo

92 3046 198 3124 magis
214 3045 334 3107 effecti.
378 3048 460 3107 Nam
483 3048 522 3106 ad
544 3046 740 3121 explendum
762 3045 853 3106 mali·

92 3144 170 3205 tiosi
193 3143 336 3220 pectoris
358 3143 409 3203 sui
432 3143 524 3204 virus
545 3143 750 3203 mortiferum
779 3159 852 3218 pro·

93 3240 185 3304 tinus
216 3241 384 3318 spongiam
416 3249 508 3301 aceto
540 3257 613 3299 cum
646 3238 722 3299 felle
750 3238 888 3300 mixtozs

93 3342 316 3416 impleverunt
330 3347 363 3398 et
377 3337 463 3398 dulci
480 3336 528 3397 ori
543 3345 600 3396 tuo
610 3329 850 3396 amarissimum

94 3438 250 3516 poculum
266 3436 501 3510 ministrarunt,
523 3434 610 3511 quod
632 3431 768 3492 canibus
783 3431 851 3491 dari

94 3537 135 3596 ad
158 3535 357 3595 sorbendum
380 3532 549 3609 indignum
573 3529 652 3592 satis
675 3527 802 3589 fuisset.

458 3636 493 3680 m
