2194 4180
413 406 418 417 ’
441 443 471 497 11,
483 383 852 498 tow

106 578 206 638 modo
227 578 331 638 sancti
354 576 460 654 angeli
483 586 515 637 et
536 577 664 637 animae
692 575 865 651 iustorum,

107 675 165 752 qui
194 677 417 753 sequebantur
439 673 617 735 Dominum
647 691 761 750 suum,
789 691 864 735 cum

108 773 198 834 omni
221 773 405 834 reverentia
427 783 459 834 et
480 773 602 834 laetitia
629 773 750 850 ubique
779 774 865 834 loco·

107 889 192 932 rum.
235 871 274 932 Et
296 871 379 932 forte
401 880 466 932 tam
489 872 552 932 alta
574 881 606 932 et
629 872 781 933 caelestis
796 881 865 932 erat

108 968 171 1029 ista
201 968 331 1030 collatio
367 979 399 1029 et
434 969 625 1030 dulcissima
652 970 796 1031 visitatio
831 970 889 1030 ins

108 1076 256 1127 materna
277 1066 490 1143 domuncula,
519 1068 605 1144 quod
634 1085 695 1128 nec
727 1069 863 1144 apostoli

105 1172 186 1223 tunc
207 1164 365 1240 temporis
387 1165 507 1225 intrare
529 1166 682 1242 permissi
706 1177 781 1227 sunt
803 1184 865 1227 nec

107 1279 226 1339 capere
247 1262 432 1339 potuissent
452 1264 591 1324 mirifica
612 1264 752 1340 oracula,
781 1281 864 1341 quae

107 1357 164 1418 illa
194 1359 275 1418 hora
305 1360 461 1420 tractabat
492 1360 586 1420 lesus
615 1360 816 1438 glorificatus
846 1379 865 1421 a

107 1465 199 1532 patre
230 1473 303 1518 cum
336 1457 508 1518 benedicta
537 1468 640 1519 matre
671 1475 731 1518 sua
759 1457 865 1518 Maria
875 1465 901 1508 1⁰

106 1552 210 1629 gratia
239 1555 345 1630 plena.
388 1555 465 1615 Ideo
496 1565 528 1616 et
557 1573 616 1633 ego
645 1557 726 1616 baec
755 1555 864 1616 omnia

108 1651 229 1711 melius
251 1652 374 1714 sanctis
402 1653 529 1729 angelis
557 1663 589 1713 et
617 1653 693 1729 tibi,
723 1653 863 1714 Domine

109 1748 195 1824 lesu,
218 1749 384 1810 committo
414 1759 446 1810 et
467 1750 598 1811 veniam
627 1750 796 1812 humiliter
823 1752 863 1811 de

107 1845 261 1906 omnibus
291 1847 435 1924 peccatis
466 1857 498 1908 et
528 1848 744 1925 neglegentiis
780 1848 864 1909 meis

107 1952 201 2020 peto,
229 1944 284 2020 qui
306 1945 451 2021 parvulis
472 1955 600 2006 secreta
620 1955 675 2007 tua
702 1947 810 2023 aperis
832 1955 901 2007 et1⁵

108 2039 242 2100 caelesti
264 2058 348 2117 pane
369 2042 478 2102 aridos
499 2043 617 2119 pascis.

152 2137 180 2199 Ο
204 2138 440 2216 benignissime
456 2140 531 2200 Iesu
548 2140 693 2217 Christe,
714 2141 769 2218 qui
792 2151 865 2218 post

107 2251 251 2296 amaram
275 2235 461 2313 passionem
492 2246 580 2298 tuam
610 2247 642 2298 et
670 2239 786 2299 laetam
815 2257 865 2299 re·

5 2395 10 2404 ,
108 2334 347 2395 surrectionem
384 2336 610 2397 sanctissimae
653 2337 746 2398 matri
789 2347 863 2398 tuae

108 2431 234 2492 Mariae
270 2449 344 2493 cum
387 2450 503 2510 magna
544 2434 689 2495 claritate
725 2444 901 2495 serenusw

107 2529 279 2606 laetusque
297 2530 474 2607 apparuisti
497 2540 529 2591 et
550 2532 728 2592 desolatam
750 2549 787 2591 ac
809 2532 864 2592 tri·

107 2635 192 2686 stem
208 2626 365 2687 ineffabili
389 2637 421 2688 et
436 2645 522 2689 novo
536 2630 654 2706 gaudio
670 2628 864 2706 adimplesti,

108 2723 268 2784 miserere
283 2723 347 2785 mei
363 2726 517 2803 pauperis
532 2726 673 2787 mendici
696 2736 728 2787 et
743 2727 862 2790 infirmi

107 2821 141 2880 in
164 2821 264 2882 huius
279 2823 390 2883 mundi
414 2824 511 2884 exilio
533 2825 675 2901 graviter
696 2843 794 2903 saepe
809 2827 863 2888 tri·

107 2919 220 2979 bulati.
873 2933 901 2975 2⁵

149 3018 198 3078 En
214 3035 322 3079 coram
338 3027 371 3078 te
392 3018 490 3079 hodie
505 3019 602 3080 basse
623 3037 676 3080 me
691 3030 863 3097 prosterno

108 3124 140 3175 et
162 3115 283 3176 ostium
298 3115 371 3193 piae
387 3116 499 3176 matris
514 3127 588 3178 tuae
604 3118 727 3195 ingenti
744 3117 863 3180 affectu

108 3212 223 3274 sedule
245 3214 340 3290 pulso
362 3222 394 3273 et
416 3230 532 3289 exoro,
561 3225 595 3274 ut
617 3214 714 3275 etiam
743 3233 796 3276 me
818 3216 864 3276 di·

108 3310 219 3385 gneris
241 3310 275 3370 in
297 3320 443 3386 tempore
473 3310 661 3373 afflictionis
692 3329 784 3374 meae
816 3313 864 3374 in·

109 3405 188 3465 time
198 3405 343 3482 visitare,
353 3408 515 3468 consolari
531 3419 563 3469 et
578 3410 762 3471 confortare
777 3421 810 3471 et
824 3412 900 3471 abso

110 3503 198 3563 omni
209 3505 294 3564 mala
304 3505 434 3566 tristitia
445 3516 478 3566 et
488 3524 571 3567 vana
581 3507 703 3568 laetitia
714 3508 863 3568 liberare.

150 3610 243 3650 Romae
257 3621 272 3649 a
286 3610 315 3650 Κ.
330 3607 390 3651 Med.
470 3609 511 3652 2⁵7
731 3611 756 3652 17
