2142 4172
225 402 985 518 &Qunam

224 609 320 654 cessu
331 594 580 670 contemplando
592 595 745 656 caelestia
755 597 984 658 etdeserendo

224 691 333 750 omnia
354 691 530 752 terrestria.

265 789 356 848 Beati
379 788 466 849 servi
488 789 552 864 illi,
578 791 633 866 qui
656 792 695 852 ad
716 791 844 851 divinas
867 793 986 854 laudes

224 885 373 946 alacriter
393 897 568 962 properant
589 897 710 949 etcum
730 889 855 965 angelis
873 891 983 952 Deum
1050 899 1051 944 l

201 984 419 1044 abenedicere
440 984 597 1061 gaudent3
623 986 718 1062 beati,
740 987 795 1063 qui
818 987 985 1048 exteriora

224 1081 408 1157 despiciunt
429 1091 462 1142 et
482 1082 608 1160 integre
630 1101 797 1146 corsuum
815 1085 855 1144 ad
873 1086 982 1146 Deum
1050 1083 1051 1134 l

223 1189 434 1256 convertunt,
469 1191 504 1241 ut
535 1181 675 1258 Spiritus
710 1183 813 1243 sancti
844 1183 981 1259 gratiam
1050 1175 1051 1180 ’

224 1277 399 1355 accipiant,
433 1297 492 1355 per
522 1298 618 1357 quam
653 1299 783 1342 omnem
815 1282 980 1342 carnalem

223 1391 367 1435 amorem
407 1375 540 1436 vincant
578 1386 610 1437 et
650 1377 777 1438 diabolo
815 1379 981 1440 resistant

189 1492 213 1533 to
224 1472 332 1532 Maior
352 1474 488 1535 enimet
505 1475 620 1535 fortior
641 1485 691 1536 est
705 1476 810 1536 virtus
832 1487 865 1537 et
879 1477 981 1554 gratia

224 1570 365 1647 Spiritus
393 1573 496 1633 sancti
525 1573 558 1633 in
587 1574 690 1649 bono,
719 1591 815 1650 quam
844 1574 980 1650 spiritus
1050 1561 1051 1568 ἵ

224 1669 384 1745 malignus
406 1669 440 1729 in
462 1670 557 1730 malo.

264 1766 430 1827 Benedico
453 1776 485 1827 et
501 1768 597 1827 laudo
612 1777 654 1842 te,
676 1767 798 1844 optime
814 1768 899 1842 lesu,
921 1785 979 1844 pro

223 1881 339 1941 magna
359 1864 461 1941 gratia
489 1874 521 1924 et
549 1864 708 1941 sapientia
729 1866 802 1926 data
823 1864 979 1942 apostolis

188 1962 288 2023 istuis
310 1963 348 2023 ad
371 1963 622 2040 praedicandum
638 1964 774 2024 verbum
789 1972 880 2024 tuum
904 1981 977 2024 cum

224 2059 341 2120 liducia
372 2077 479 2120 coram
511 2060 663 2140 omnibus
695 2061 914 2122 habitantibus
943 2061 978 2122 in

224 2157 401 2217 Ierusalem
424 2168 457 2217 et
473 2158 590 2218 ludaea
611 2167 644 2218 et
659 2157 805 2218 Samaria
819 2167 852 2218 et
873 2175 977 2235 usque

223 2256 262 2316 ad
284 2254 433 2315 ultimum
463 2265 568 2316 terrae
597 2265 629 2316 et
654 2256 793 2316 maxime
822 2273 881 2332 pro
904 2273 978 2316 con-

223 2353 340 2414 stantia
368 2362 400 2414 et
428 2354 672 2429 perseverantia
700 2371 832 2430 eorum,
859 2353 914 2430 qui
943 2353 976 2412 in

186 2450 451 2528 zopcrsecutione
481 2451 601 2512 civium
631 2468 765 2512 suorum
789 2461 978 2512 manserunt

223 2558 410 2610 constantes
427 2549 461 2609 in
478 2549 551 2624 lide,
572 2550 752 2626 gaudentes
767 2566 825 2625 pro
845 2548 976 2609 nomine

223 2657 278 2708 tuo
301 2646 531 2707 contumeliam
556 2647 638 2724 pati,
666 2645 879 2720 incarcerari,
907 2662 977 2705 ver·

222 2745 345 2821 berari,
369 2745 454 2805 lame
476 2745 619 2821 torqueri
643 2763 679 2805 ac
702 2743 842 2805 diversis
864 2742 976 2821 poenis

224 2841 371 2903 cruciari.
423 2841 544 2904 Omnia
578 2843 659 2903 haec
695 2842 780 2903 levia
814 2850 847 2902 et
877 2857 977 2918 pauca

187 2940 416 3004 asvidebantur
444 2957 502 3016 pro
525 2956 645 3000 corona
666 2949 818 3001 aeternae
839 2939 924 2999 vitae
945 2949 977 2998 et

224 3037 445 3115 magnitudine
464 3038 591 3099 futurae
605 3037 738 3114 gloriae,
760 3037 845 3098 sicut
859 3046 892 3096 et
905 3037 976 3096 bea-

224 3145 276 3196 tus
309 3137 429 3196 Paulus
460 3135 553 3196 dicit:
588 3135 662 3195 Non
693 3144 769 3195 sunt
800 3133 976 3210 condignae

224 3233 395 3310 passiones
430 3233 529 3294 huius
569 3232 725 3309 temporis
762 3232 801 3293 ad
838 3233 974 3293 futuram

223 3330 369 3408 gloriam,
391 3348 474 3408 quae
489 3330 686 3392 revelabitur
704 3329 738 3390 in
756 3329 860 3406 nobis,
882 3347 974 3406 quam

187 3428 304 3493 aomihi
315 3439 480 3504 praestare
491 3427 645 3505 digneris
659 3427 883 3488 amantissime
894 3428 976 3502 Iesu,
1050 3427 1051 3430 ’

226 3525 356 3600 lilibet,
372 3535 425 3584 tua
439 3525 587 3600 piissima
597 3524 821 3585 misericordia
836 3534 868 3586 et
879 3525 975 3602 Spiri-

583 3629 624 3671 sao
