2194 4180
113 580 190 641 fletu
213 589 244 641 et
265 598 374 657 prece,
396 580 480 640 sicut
510 579 587 639 fecit
609 579 714 640 Maria
736 579 866 656 Magda-

113 679 186 737 lena
202 662 316 738 'coram
338 687 371 738 te
393 677 501 738 hodie.

154 775 301 852 Oquam
333 777 440 836 bonus
462 793 515 850 es,
545 776 636 836 Deus
659 775 776 852 lsrael,
804 776 867 851 his,

112 873 167 950 qui
190 882 278 934 recto
301 882 377 934 sunt
393 874 502 948 corde,
524 873 579 950 qui
596 882 756 949 quaerunt
778 883 810 934 te
832 873 866 932 in

112 971 247 1032 veritate
282 981 315 1030 et
350 971 551 1046 humilitate,
586 988 660 1030 curn
692 971 804 1031 dolore
835 979 890 1031 ets

112 1069 207 1145 fletu,
238 1069 323 1130 sicut
355 1069 460 1130 Maria
488 1069 650 1146 quaesivit
679 1080 710 1129 et
732 1069 867 1129 invenit.

44 1191 55 1208 ·
113 1165 220 1227 Omne
242 1168 341 1243 enim,
362 1168 449 1244 quod
471 1168 632 1228 laboriose
648 1167 815 1244 quaeritur
836 1175 868 1226 et

112 1262 288 1324 difficulter
301 1265 477 1340 invenitur,
499 1264 602 1342 magis
617 1264 771 1341 diligitur,
793 1281 866 1324 curn
897 1299 899 1304 ,

112 1362 268 1439 habetur,
311 1372 343 1423 et
378 1363 506 1423 cautius
542 1363 733 1423 custoditur.
790 1363 867 1422 Post

111 1458 239 1536 longam
262 1461 405 1522 esuriem
429 1461 524 1537 panis
547 1461 630 1537 sapit
661 1461 806 1536 dulcius,
835 1469 903 1519 et1⁰

9 1559 10 1566 ’
110 1566 185 1632 post
207 1575 352 1618 amarum
382 1558 536 1634 poculum
567 1575 651 1634 aqua
678 1559 805 1620 dulcior
833 1559 867 1618 lit

109 1655 244 1731 potanti.
294 1657 373 1716 Post
401 1665 531 1717 noctem
564 1656 635 1716 dies
665 1656 787 1733 gratior
817 1667 867 1716 est

111 1752 233 1828 oculis,
262 1762 389 1830 etpost
411 1753 514 1831 frigus
536 1753 620 1830 ignis
643 1754 780 1815 delectat
802 1772 867 1814 anr-

111 1851 208 1928 plius.
252 1852 330 1912 Post
352 1851 457 1913 tristia
479 1851 656 1912 iucundius
671 1863 802 1912 resonat
824 1852 867 1912 ci·

111 1951 213 2024 thara,
235 1957 266 2008 et
288 1957 362 2024 post
383 1965 499 2025 graves
521 1949 649 2008 labores
664 1949 797 2009 suavior
818 1959 867 2010 est
879 1962 904 2002 15

112 2047 208 2124 quies
236 2055 268 2107 et
296 2063 443 2106 somnus.
486 2047 564 2106 Post
593 2047 673 2107 dura
700 2047 786 2106 bella
806 2065 868 2123 pax

111 2143 281 2204 amabilior
303 2143 337 2204 lit
358 2143 493 2204 vexatis.
523 2143 643 2204 Stellae
665 2143 786 2204 micant
805 2144 868 2204 cla·

112 2241 181 2301 rius
197 2240 315 2300 nebula
330 2241 483 2316 cadente3
505 2258 583 2301 aves
606 2250 736 2301 cantant
750 2241 867 2302 laetius

111 2339 182 2398 sole
205 2337 341 2398 oriente.
384 2337 439 2398 Sic
461 2337 569 2398 anima
596 2337 748 2399 tribulata
771 2354 865 2399 reno·

111 2445 206 2497 vatur
227 2445 262 2496 ut
283 2435 391 2512 aquila
413 2436 547 2498 Christo
574 2435 769 2496 adveniente
791 2449 902 2496 cumao

109 2533 221 2610 gratia.
252 2534 342 2594 Haec
357 2533 437 2594 satis
456 2542 566 2610 patent
581 2534 615 2593 in
629 2534 748 2594 dilecta
763 2534 867 2593 lllaria

111 2631 322 2707 Magdalena,
352 2647 435 2708 quae
457 2641 531 2707 post
552 2631 684 2708 longum
713 2632 825 2692 fletum
848 2649 867 2691 a

112 2729 255 2789 Domino
278 2728 405 2789 abunde
428 2729 593 2789 consolata
614 2738 673 2789 est.
717 2729 746 2790 O
769 2747 865 2806 quarn

9 2897 10 2916 χ
109 2825 409 2902 magnamultitudo
420 2825 699 2902 dulcedinistuae,
715 2826 867 2902 Domine,

110 2941 208 3000 quarn
231 2922 429 2984 abscondisti
452 2922 642 2984 timentibus
664 2925 712 2985 tel
875 2941 902 2981 25

152 3020 239 3080 Vere
261 3029 295 3080 tu
315 3037 352 3080 cs
368 3021 459 3081 Deus
474 3020 694 3098 absconditus,
716 3022 801 3082 sicut
823 3021 866 3081 ait

111 3118 230 3193 lsaias,
260 3127 292 3179 et
313 3129 442 3195 praeter
470 3128 501 3179 te
530 3135 595 3180 non
625 3130 674 3179 est
703 3119 786 3179 alius
807 3119 865 3179 tibi

109 3214 230 3274 similis
252 3215 362 3276 sciens
384 3227 448 3277 tarn
470 3217 636 3293 sapienter
664 3217 774 3278 omnia
802 3217 865 3277 dis-

108 3329 234 3388 ponere
276 3330 350 3372 cum
393 3315 530 3375 dilectis.
587 3314 616 3376 O
658 3316 744 3375 bone
781 3315 866 3391 lesu,

109 3420 244 3470 aeterna
260 3411 365 3471 Patris
386 3412 555 3488 sapientia,
576 3430 672 3489 quarn
696 3413 899 3474 humiliterso

9 3489 11 3518 ²
108 3517 142 3568 et
164 3507 217 3584 pie
240 3507 325 3568 inter
346 3510 498 3569 homines
520 3510 628 3570 vixisti
655 3511 778 3570 docens
806 3528 865 3571 eos

469 3615 511 3656 239
