2152 4174
245 443 986 553 Qffiamfflffi

235 631 458 692 amarissimae
487 631 630 707 potionis
658 641 733 691 tuae
763 641 911 708 tempore
944 649 991 692 re·

236 729 388 790 fectionis
410 742 502 788 meae
530 728 564 789 in
593 745 708 788 mensa
729 728 852 789 sensim
884 746 992 789 recor·

236 827 321 902 dari,
349 837 470 887 utnon
493 825 659 886 effundam
687 843 873 886 cormeum
897 827 991 887 avide

236 939 336 998 super
357 923 504 999 corporis
532 923 702 999 alimenta,
731 924 789 984 sed
817 925 856 984 ad
879 941 991 984 sacrae

211 1020 385 1080 electionis
416 1022 516 1081 verba
550 1021 612 1080 sim
644 1021 768 1081 intente
799 1037 992 1097 suspensus.

237 1117 368 1178 Discam
401 1135 474 1178 cum
506 1118 624 1180 timore
654 1129 711 1179 tuo
739 1128 863 1180 tantum
891 1118 991 1179 victui

235 1231 309 1275 meo
331 1216 519 1276 necessaria
550 1233 682 1277 sumere
713 1227 809 1293 atque
841 1217 881 1277 de
911 1218 991 1278 mihi

235 1313 361 1373 collatis
383 1313 554 1374 beneficiis
575 1314 631 1375 tibi
655 1315 829 1391 gratiarum
845 1315 992 1376 actiones

235 1409 352 1471 devote
375 1411 509 1472 referre.
553 1413 623 1472 Nec
645 1429 703 1488 pro
726 1411 789 1473 cibi
805 1412 992 1474 modicitate

201 1531 225 1571 10
235 1525 294 1568 seu
316 1509 440 1569 vilitate
468 1525 563 1586 aegre
590 1509 651 1569 sim
675 1519 862 1583 contentus,
892 1509 992 1569 immo

235 1605 402 1683 indignum
435 1625 487 1667 me
519 1607 659 1667 iudicem
691 1624 870 1684 pauperum
908 1609 993 1668 elee-

235 1703 383 1779 mosynis
398 1704 487 1764 vesci
501 1714 533 1764 et
548 1704 685 1765 aliorum
697 1705 862 1765 laboribus
877 1721 994 1765 verear

235 1802 421 1862 sustentari.
464 1803 513 1862 Da
535 1801 614 1862 mihi
637 1803 764 1863 esurire
786 1801 907 1876 cibum,
937 1800 991 1879 qui

235 1917 300 1959 non
323 1899 416 1976 perit,
439 1900 497 1960 sed
519 1909 688 1975 permanet
710 1900 743 1958 in
765 1899 864 1959 vitam
888 1909 992 1959 aeter·

202 2015 319 2065 15nam.
363 1998 412 2057 Da
433 1997 513 2057 mihi
544 1996 637 2057 sitire
659 1995 782 2057 iontem
804 1996 890 2056 vitae
920 2013 992 2071 per-

234 2095 330 2155 ennis
360 2103 393 2154 et
424 2094 463 2154 de
492 2093 643 2153 convivio
672 2109 806 2154 mensae
838 2093 991 2154 caelestis

234 2191 351 2252 micam
374 2191 467 2268 panis
488 2191 554 2251 vivi
585 2209 658 2251 cum
688 2192 840 2251 haustuio
862 2191 990 2266 saporis

234 2289 338 2350 intimi
361 2290 524 2350 interdum
546 2290 716 2366 percipere
744 2298 841 2365 atque
863 2288 991 2364 experi-

233 2387 418 2448 mentaliter
448 2388 636 2465 degustare,
667 2404 763 2464 quam
796 2385 907 2446 suavis
940 2385 991 2459 sit,

196 2485 392 2561 acDomine‚
423 2485 558 2561 spiritus
586 2494 662 2545 tuus
700 2485 733 2544 in
760 2483 836 2543 filiis
868 2482 990 2558 gratiae

232 2582 332 2658 gratis
354 2582 490 2643 effusua

374 2759 645 2836 [CAPITVLVM
670 2760 848 2836 xxvmm

232 2893 279 2951 De
306 2891 537 2967 adimpletione
564 2892 792 2967 scripturarum
824 2891 858 2950 in
890 2895 990 2950 morte
1059 2883 1060 2948 3

248 2988 366 3050 Christi
386 2990 477 3048 etde
498 2989 610 3048 verbo:
634 2987 897 3049 Consummatnm
920 2992 975 3047 est.

195 3111 479 3332 afflenedico
499 3175 532 3227 et
545 3166 664 3244 gratias
681 3183 740 3244 ago
755 3166 824 3241 tibi,
847 3165 987 3225 Domine

357 3267 430 3326 lesu
447 3266 592 3342 Christe,
609 3282 800 3325 arcanorum
817 3265 988 3338 revelator,

231 3364 313 3440 legis
335 3372 367 3423 et
389 3366 619 3440 prophetarum
643 3371 902 3438 consummator,
929 3377 987 3438 pro
1059 3381 1060 3404 1

231 3471 286 3522 tua
307 3461 548 3537 perfectissima
573 3462 805 3537 adimpletione
833 3468 987 3536 paternae

231 3560 408 3619 voluntatis
436 3560 468 3619 in
497 3559 588 3619 brevi
618 3568 650 3620 et
674 3558 862 3636 acceptabili
886 3557 987 3616 verbo
