<?xml version="1.0" encoding="UTF-8"?>
<!DOCTYPE html PUBLIC "-//W3C//DTD XHTML 1.0 Transitional//EN"
    "http://www.w3.org/TR/xhtml1/DTD/xhtml1-transitional.dtd">
<html xmlns="http://www.w3.org/1999/xhtml" xml:lang="en" lang="en">
 <head>
  <title>
</title>
<meta http-equiv="Content-Type" content="text/html;charset=utf-8" />
  <meta name='ocr-system' content='tesseract 3.04.00' />
  <meta name='ocr-capabilities' content='ocr_page ocr_carea ocr_par ocr_line ocrx_word'/>
</head>
<body>
  <div class='ocr_page' id='page_1' title='image "./thomaehemerkena02pohlgoog_0165.png"; bbox 0 0 2152 4174; ppageno 0'>
   <div class='ocr_carea' id='block_1_1' title="bbox 1068 175 1070 237">
    <p class='ocr_par' dir='ltr' id='par_1_1' title="bbox 1068 175 1072 272">
     <span class='ocr_line' id='line_1_1' title="bbox 1068 175 1070 237; baseline 0 35"><span class='ocrx_word' id='word_1_1' title='bbox 1068 175 1070 237; x_wconf 66' lang='lat'><em>¹</em></span> 
     </span>
    </p>
   </div>
   <div class='ocr_carea' id='block_1_2' title="bbox 259 386 1071 506">
    <p class='ocr_par' dir='ltr' id='par_1_2' title="bbox 259 386 1071 506">
     <span class='ocr_line' id='line_1_2' title="bbox 1068 386 1071 411; baseline 0 0"><span class='ocrx_word' id='word_1_2' title='bbox 1068 386 1071 411; x_wconf 92' lang='grc' dir='ltr'>Ι</span> 
     </span>
     <span class='ocr_line' id='line_1_3' title="bbox 259 395 1071 506; baseline -0.002 -3"><span class='ocrx_word' id='word_1_3' title='bbox 259 395 1005 506; x_wconf 41' lang='lat' dir='ltr'>Qunam&amp;</span> <span class='ocrx_word' id='word_1_4' title='bbox 1070 442 1071 461; x_wconf 22' lang='grc' dir='ltr'>ἢ</span> 
     </span>
    </p>
   </div>
   <div class='ocr_carea' id='block_1_3' title="bbox 223 584 1071 1109">
    <p class='ocr_par' dir='ltr' id='par_1_3' title="bbox 223 584 1071 1109">
     <span class='ocr_line' id='line_1_4' title="bbox 245 584 1009 662; baseline 0.001 -18"><span class='ocrx_word' id='word_1_5' title='bbox 245 594 278 644; x_wconf 92' lang='lat' dir='ltr'>et</span> <span class='ocrx_word' id='word_1_6' title='bbox 307 585 341 645; x_wconf 91' lang='lat' dir='ltr'>in</span> <span class='ocrx_word' id='word_1_7' title='bbox 370 584 500 645; x_wconf 92' lang='lat' dir='ltr'>modico</span> <span class='ocrx_word' id='word_1_8' title='bbox 530 584 654 661; x_wconf 87' lang='lat' dir='ltr'>iidelis,</span> <span class='ocrx_word' id='word_1_9' title='bbox 682 585 766 645; x_wconf 92' lang='lat' dir='ltr'>intra</span> <span class='ocrx_word' id='word_1_10' title='bbox 794 584 1009 662; x_wconf 88' lang='lat' dir='ltr'>ingaudium</span> 
     </span>
     <span class='ocr_line' id='line_1_5' title="bbox 249 680 1010 742; baseline 0 0"><span class='ocrx_word' id='word_1_11' title='bbox 249 682 381 742; x_wconf 89' lang='lat' dir='ltr'><strong>Domini</strong></span> <span class='ocrx_word' id='word_1_12' title='bbox 403 682 460 742; x_wconf 91' lang='lat' dir='ltr'>tui.</span> <span class='ocrx_word' id='word_1_13' title='bbox 505 680 596 742; x_wconf 94' lang='lat' dir='ltr'>Tunc</span> <span class='ocrx_word' id='word_1_14' title='bbox 618 681 706 741; x_wconf 87' lang='lat' dir='ltr'>enim</span> <span class='ocrx_word' id='word_1_15' title='bbox 729 680 810 741; x_wconf 92' lang='lat' dir='ltr'>nihil</span> <span class='ocrx_word' id='word_1_16' title='bbox 832 681 954 742; x_wconf 90' lang='lat' dir='ltr'>melius</span> <span class='ocrx_word' id='word_1_17' title='bbox 975 694 1010 742; x_wconf 91' lang='lat' dir='ltr'>et</span> 
     </span>
     <span class='ocr_line' id='line_1_6' title="bbox 248 778 1011 854; baseline 0 -14"><span class='ocrx_word' id='word_1_18' title='bbox 248 779 424 840; x_wconf 92' lang='lat' dir='ltr'>iucundius</span> <span class='ocrx_word' id='word_1_19' title='bbox 459 786 568 853; x_wconf 89' lang='lat' dir='ltr'>esset,</span> <span class='ocrx_word' id='word_1_20' title='bbox 610 795 706 854; x_wconf 88' lang='lat' dir='ltr'>quam</span> <span class='ocrx_word' id='word_1_21' title='bbox 750 779 833 838; x_wconf 91' lang='lat' dir='ltr'>bene</span> <span class='ocrx_word' id='word_1_22' title='bbox 872 778 906 839; x_wconf 92' lang='lat' dir='ltr'>in</span> <span class='ocrx_word' id='word_1_23' title='bbox 942 779 1011 840; x_wconf 90' lang='lat' dir='ltr'>vita</span> 
     </span>
     <span class='ocr_line' id='line_1_7' title="bbox 249 875 1008 952; baseline 0.001 -16"><span class='ocrx_word' id='word_1_24' title='bbox 249 875 356 952; x_wconf 86' lang='lat' dir='ltr'>egisse</span> <span class='ocrx_word' id='word_1_25' title='bbox 379 885 411 936; x_wconf 89' lang='lat' dir='ltr'>et</span> <span class='ocrx_word' id='word_1_26' title='bbox 432 875 489 935; x_wconf 91' lang='lat' dir='ltr'>tibi</span> <span class='ocrx_word' id='word_1_27' title='bbox 516 876 657 936; x_wconf 88' lang='lat' dir='ltr'>fideliter</span> <span class='ocrx_word' id='word_1_28' title='bbox 678 893 783 952; x_wconf 90' lang='lat' dir='ltr'>usque</span> <span class='ocrx_word' id='word_1_29' title='bbox 805 876 844 936; x_wconf 91' lang='lat' dir='ltr'>ad</span> <span class='ocrx_word' id='word_1_30' title='bbox 867 885 1008 937; x_wconf 91' lang='lat' dir='ltr'>mortem</span> 
     </span>
     <span class='ocr_line' id='line_1_8' title="bbox 223 942 1071 1109; baseline -0.002 -73"><span class='ocrx_word' id='word_1_31' title='bbox 223 995 236 1036; x_wconf 85' lang='lat'>⁵</span> <span class='ocrx_word' id='word_1_32' title='bbox 251 973 438 1034; x_wconf 87' lang='lat' dir='ltr'>servivisse.</span> <span class='ocrx_word' id='word_1_33' title='bbox 1066 942 1071 1109; x_wconf 64' lang='lat'>¹</span> 
     </span>
    </p>
   </div>
   <div class='ocr_carea' id='block_1_4' title="bbox 405 1140 1071 1260">
    <p class='ocr_par' dir='ltr' id='par_1_4' title="bbox 405 1140 1071 1260">
     <span class='ocr_line' id='line_1_9' title="bbox 405 1140 1071 1260; baseline -0.008 -15"><span class='ocrx_word' id='word_1_34' title='bbox 405 1182 676 1260; x_wconf 78' lang='lat' dir='ltr'>[cnrlrvuvn</span> <span class='ocrx_word' id='word_1_35' title='bbox 701 1183 848 1259; x_wconf 71' lang='lat' dir='ltr'>xxmm</span> <span class='ocrx_word' id='word_1_36' title='bbox 1067 1140 1071 1240; x_wconf 77' lang='lat' dir='ltr'>i</span> 
     </span>
    </p>
   </div>
   <div class='ocr_carea' id='block_1_5' title="bbox 274 1314 1072 1489">
    <p class='ocr_par' dir='ltr' id='par_1_5' title="bbox 274 1314 1072 1489">
     <span class='ocr_line' id='line_1_10' title="bbox 274 1314 1072 1391; baseline 0 -17"><span class='ocrx_word' id='word_1_37' title='bbox 274 1315 320 1374; x_wconf 89' lang='lat' dir='ltr'>De</span> <span class='ocrx_word' id='word_1_38' title='bbox 341 1315 460 1390; x_wconf 83' lang='lat' dir='ltr'>insigni</span> <span class='ocrx_word' id='word_1_39' title='bbox 481 1315 577 1374; x_wconf 83' lang='lat' dir='ltr'>titulo</span> <span class='ocrx_word' id='word_1_40' title='bbox 600 1315 740 1375; x_wconf 85' lang='lat' dir='ltr'>nominis</span> <span class='ocrx_word' id='word_1_41' title='bbox 761 1314 859 1376; x_wconf 84' lang='lat' dir='ltr'><em>IESV</em></span> <span class='ocrx_word' id='word_1_42' title='bbox 877 1332 976 1391; x_wconf 82' lang='lat' dir='ltr'>super</span> <span class='ocrx_word' id='word_1_43' title='bbox 1069 1329 1072 1354; x_wconf 83' lang='lat'>¹</span> 
     </span>
     <span class='ocr_line' id='line_1_11' title="bbox 459 1413 788 1489; baseline 0 -17"><span class='ocrx_word' id='word_1_44' title='bbox 459 1417 558 1488; x_wconf 82' lang='lat' dir='ltr'>caput</span> <span class='ocrx_word' id='word_1_45' title='bbox 581 1413 649 1472; x_wconf 87' lang='lat' dir='ltr'>eius</span> <span class='ocrx_word' id='word_1_46' title='bbox 670 1413 788 1489; x_wconf 82' lang='lat' dir='ltr'>posito.</span> 
     </span>
    </p>
   </div>
   <div class='ocr_carea' id='block_1_6' title="bbox 208 1506 1007 1933">
    <p class='ocr_par' dir='ltr' id='par_1_6' title="bbox 208 1506 1073 2604">
     <span class='ocr_line' id='line_1_12' title="bbox 246 1506 1007 1727; baseline 0 -104"><span class='ocrx_word' id='word_1_47' title='bbox 246 1506 493 1727; x_wconf 42' lang='lat' dir='ltr'>&amp;medico</span> <span class='ocrx_word' id='word_1_48' title='bbox 514 1574 546 1625; x_wconf 90' lang='lat' dir='ltr'>et</span> <span class='ocrx_word' id='word_1_49' title='bbox 560 1565 679 1643; x_wconf 85' lang='lat' dir='ltr'>gratias</span> <span class='ocrx_word' id='word_1_50' title='bbox 694 1581 753 1643; x_wconf 91' lang='lat' dir='ltr'>ago</span> <span class='ocrx_word' id='word_1_51' title='bbox 769 1563 837 1640; x_wconf 89' lang='lat' dir='ltr'>tibi,</span> <span class='ocrx_word' id='word_1_52' title='bbox 861 1564 1007 1624; x_wconf 88' lang='lat' dir='ltr'>Domine</span> 
     </span>
     <span class='ocr_line' id='line_1_13' title="bbox 208 1662 1006 1740; baseline 0.001 -19"><span class='ocrx_word' id='word_1_53' title='bbox 208 1681 234 1722; x_wconf 84' lang='lat' dir='ltr'>ro</span> <span class='ocrx_word' id='word_1_54' title='bbox 378 1663 451 1722; x_wconf 90' lang='lat' dir='ltr'>lesu</span> <span class='ocrx_word' id='word_1_55' title='bbox 473 1662 618 1740; x_wconf 83' lang='lat' dir='ltr'>Christe,</span> <span class='ocrx_word' id='word_1_56' title='bbox 640 1663 794 1740; x_wconf 89' lang='lat' dir='ltr'>princeps</span> <span class='ocrx_word' id='word_1_57' title='bbox 816 1662 926 1723; x_wconf 91' lang='lat' dir='ltr'>omnis</span> <span class='ocrx_word' id='word_1_58' title='bbox 948 1680 1006 1739; x_wconf 90' lang='lat' dir='ltr'>po-</span> 
     </span>
     <span class='ocr_line' id='line_1_14' title="bbox 244 1758 1006 1836; baseline 0.001 -17"><span class='ocrx_word' id='word_1_59' title='bbox 244 1758 370 1819; x_wconf 87' lang='lat' dir='ltr'>testatis</span> <span class='ocrx_word' id='word_1_60' title='bbox 397 1768 428 1819; x_wconf 92' lang='lat' dir='ltr'>et</span> <span class='ocrx_word' id='word_1_61' title='bbox 454 1776 512 1820; x_wconf 88' lang='lat' dir='ltr'>rex</span> <span class='ocrx_word' id='word_1_62' title='bbox 533 1760 707 1821; x_wconf 93' lang='lat' dir='ltr'>universae</span> <span class='ocrx_word' id='word_1_63' title='bbox 730 1770 915 1836; x_wconf 86' lang='lat' dir='ltr'>creaturae,</span> <span class='ocrx_word' id='word_1_64' title='bbox 944 1778 1006 1836; x_wconf 90' lang='lat' dir='ltr'>pro</span> 
     </span>
     <span class='ocr_line' id='line_1_15' title="bbox 244 1856 1005 1933; baseline 0 -17"><span class='ocrx_word' id='word_1_65' title='bbox 244 1856 363 1933; x_wconf 86' lang='lat' dir='ltr'>insigni</span> <span class='ocrx_word' id='word_1_66' title='bbox 392 1857 486 1917; x_wconf 84' lang='lat' dir='ltr'>titulo</span> <span class='ocrx_word' id='word_1_67' title='bbox 509 1859 593 1918; x_wconf 87' lang='lat' dir='ltr'>sacri</span> <span class='ocrx_word' id='word_1_68' title='bbox 616 1868 648 1919; x_wconf 93' lang='lat' dir='ltr'>et</span> <span class='ocrx_word' id='word_1_69' title='bbox 669 1856 831 1919; x_wconf 91' lang='lat' dir='ltr'>benedicti</span> <span class='ocrx_word' id='word_1_70' title='bbox 857 1856 1005 1916; x_wconf 90' lang='lat' dir='ltr'>nominis</span> 
     </span>
    </p>
   </div>
   <div class='ocr_carea' id='block_1_7' title="bbox 208 1954 1007 2420">
    <p class='ocr_par' dir='ltr' id='par_1_7' title="bbox 208 1954 1007 2420">
     <span class='ocr_line' id='line_1_16' title="bbox 243 1954 1007 2032; baseline -0.003 -16"><span class='ocrx_word' id='word_1_71' title='bbox 243 1955 289 2016; x_wconf 88' lang='lat' dir='ltr'>tui</span> <span class='ocrx_word' id='word_1_72' title='bbox 319 1973 419 2032; x_wconf 90' lang='lat' dir='ltr'>super</span> <span class='ocrx_word' id='word_1_73' title='bbox 447 1955 604 2015; x_wconf 89' lang='lat' dir='ltr'>verticem</span> <span class='ocrx_word' id='word_1_74' title='bbox 634 1955 749 2032; x_wconf 88' lang='lat' dir='ltr'>capitis</span> <span class='ocrx_word' id='word_1_75' title='bbox 778 1954 823 2014; x_wconf 91' lang='lat' dir='ltr'>tui</span> <span class='ocrx_word' id='word_1_76' title='bbox 853 1963 1007 2030; x_wconf 87' lang='lat' dir='ltr'>patenter</span> 
     </span>
     <span class='ocr_line' id='line_1_17' title="bbox 244 2052 1003 2129; baseline 0.001 -17"><span class='ocrx_word' id='word_1_77' title='bbox 244 2053 410 2112; x_wconf 92' lang='lat' dir='ltr'>collocato.</span> <span class='ocrx_word' id='word_1_78' title='bbox 439 2052 505 2129; x_wconf 88' lang='lat' dir='ltr'>Qui</span> <span class='ocrx_word' id='word_1_79' title='bbox 520 2052 625 2112; x_wconf 91' lang='lat' dir='ltr'>tribus</span> <span class='ocrx_word' id='word_1_80' title='bbox 641 2052 871 2113; x_wconf 86' lang='lat' dir='ltr'>famosissimis</span> <span class='ocrx_word' id='word_1_81' title='bbox 887 2054 1003 2113; x_wconf 92' lang='lat' dir='ltr'>mundi</span> 
     </span>
     <span class='ocr_line' id='line_1_18' title="bbox 208 2149 1004 2228; baseline 0 -16"><span class='ocrx_word' id='word_1_82' title='bbox 208 2149 380 2226; x_wconf 81' lang='lat' dir='ltr'>rsiinguis,</span> <span class='ocrx_word' id='word_1_83' title='bbox 411 2149 574 2210; x_wconf 85' lang='lat' dir='ltr'>hebraicis</span> <span class='ocrx_word' id='word_1_84' title='bbox 604 2150 776 2227; x_wconf 92' lang='lat' dir='ltr'>videlicet,</span> <span class='ocrx_word' id='word_1_85' title='bbox 810 2152 939 2228; x_wconf 86' lang='lat' dir='ltr'>graecis</span> <span class='ocrx_word' id='word_1_86' title='bbox 969 2161 1004 2212; x_wconf 90' lang='lat' dir='ltr'>et</span> 
     </span>
     <span class='ocr_line' id='line_1_19' title="bbox 243 2245 1005 2326; baseline 0.005 -20"><span class='ocrx_word' id='word_1_87' title='bbox 243 2246 353 2306; x_wconf 92' lang='lat' dir='ltr'>latinis</span> <span class='ocrx_word' id='word_1_88' title='bbox 382 2245 486 2306; x_wconf 92' lang='lat' dir='ltr'>literis</span> <span class='ocrx_word' id='word_1_89' title='bbox 514 2264 533 2306; x_wconf 88' lang='lat' dir='ltr'>a</span> <span class='ocrx_word' id='word_1_90' title='bbox 561 2246 668 2308; x_wconf 93' lang='lat' dir='ltr'>iudice</span> <span class='ocrx_word' id='word_1_91' title='bbox 699 2247 802 2308; x_wconf 89' lang='lat' dir='ltr'>Pilato</span> <span class='ocrx_word' id='word_1_92' title='bbox 833 2249 1005 2326; x_wconf 86' lang='lat' dir='ltr'>eleganter</span> 
     </span>
     <span class='ocr_line' id='line_1_20' title="bbox 244 2343 1004 2420; baseline 0.005 -16"><span class='ocrx_word' id='word_1_93' title='bbox 244 2353 293 2404; x_wconf 92' lang='lat' dir='ltr'>est</span> <span class='ocrx_word' id='word_1_94' title='bbox 315 2343 507 2420; x_wconf 87' lang='lat' dir='ltr'>inscriptus,</span> <span class='ocrx_word' id='word_1_95' title='bbox 529 2344 584 2404; x_wconf 93' lang='lat' dir='ltr'>tali</span> <span class='ocrx_word' id='word_1_96' title='bbox 607 2343 711 2404; x_wconf 82' lang='lat' dir='ltr'>forma</span> <span class='ocrx_word' id='word_1_97' title='bbox 732 2354 764 2404; x_wconf 89' lang='lat' dir='ltr'>et</span> <span class='ocrx_word' id='word_1_98' title='bbox 786 2344 838 2405; x_wconf 92' lang='lat' dir='ltr'>his</span> <span class='ocrx_word' id='word_1_99' title='bbox 860 2347 1004 2407; x_wconf 91' lang='lat' dir='ltr'>nomini-</span> 
     </span>
    </p>
   </div>
   <div class='ocr_carea' id='block_1_8' title="bbox 207 2440 1004 3497">
    <p class='ocr_par' dir='ltr' id='par_1_8' title="bbox 243 2440 1003 2601">
     <span class='ocr_line' id='line_1_21' title="bbox 243 2440 1003 2506; baseline 0.008 -6"><span class='ocrx_word' id='word_1_100' title='bbox 243 2441 323 2502; x_wconf 90' lang='lat' dir='ltr'>bus:</span> <span class='ocrx_word' id='word_1_101' title='bbox 360 2440 482 2501; x_wconf 87' lang='lat' dir='ltr'>IESVS</span> <span class='ocrx_word' id='word_1_102' title='bbox 519 2441 784 2503; x_wconf 77' lang='lat' dir='ltr'>NAZARENVS</span> <span class='ocrx_word' id='word_1_103' title='bbox 822 2444 909 2504; x_wconf 88' lang='lat' dir='ltr'>REX</span> <span class='ocrx_word' id='word_1_104' title='bbox 943 2446 1003 2506; x_wconf 92' lang='lat' dir='ltr'>1v-</span> 
     </span>
     <span class='ocr_line' id='line_1_22' title="bbox 245 2538 476 2601; baseline -0.009 -1"><span class='ocrx_word' id='word_1_105' title='bbox 245 2538 476 2601; x_wconf 83' lang='lat' dir='ltr'><strong>DAEORVM.</strong></span> 
     </span>
    </p>

    <p class='ocr_par' dir='ltr' id='par_1_9' title="bbox 207 2636 1004 3105">
     <span class='ocr_line' id='line_1_23' title="bbox 207 2636 1004 2714; baseline 0.01 -22"><span class='ocrx_word' id='word_1_106' title='bbox 207 2651 233 2692; x_wconf 83' lang='lat' dir='ltr'>ao</span> <span class='ocrx_word' id='word_1_107' title='bbox 285 2637 314 2699; x_wconf 96' lang='grc' dir='ltr'>Ο</span> <span class='ocrx_word' id='word_1_108' title='bbox 337 2655 415 2699; x_wconf 91' lang='lat' dir='ltr'>vere</span> <span class='ocrx_word' id='word_1_109' title='bbox 441 2636 580 2714; x_wconf 90' lang='lat' dir='ltr'>insignis</span> <span class='ocrx_word' id='word_1_110' title='bbox 603 2637 734 2713; x_wconf 87' lang='lat' dir='ltr'>titulus,</span> <span class='ocrx_word' id='word_1_111' title='bbox 762 2654 828 2698; x_wconf 91' lang='lat' dir='ltr'>non</span> <span class='ocrx_word' id='word_1_112' title='bbox 857 2640 1004 2700; x_wconf 86' lang='lat' dir='ltr'>humana</span> 
     </span>
     <span class='ocr_line' id='line_1_24' title="bbox 244 2734 1003 2812; baseline 0.003 -18"><span class='ocrx_word' id='word_1_113' title='bbox 244 2734 388 2795; x_wconf 90' lang='lat' dir='ltr'>sollertia</span> <span class='ocrx_word' id='word_1_114' title='bbox 418 2734 630 2810; x_wconf 87' lang='lat' dir='ltr'>adinventus,</span> <span class='ocrx_word' id='word_1_115' title='bbox 661 2735 719 2795; x_wconf 93' lang='lat' dir='ltr'>sed</span> <span class='ocrx_word' id='word_1_116' title='bbox 751 2735 860 2795; x_wconf 92' lang='lat' dir='ltr'>divina</span> <span class='ocrx_word' id='word_1_117' title='bbox 890 2737 1003 2812; x_wconf 92' lang='lat' dir='ltr'>potius</span> 
     </span>
     <span class='ocr_line' id='line_1_25' title="bbox 244 2831 1003 2909; baseline 0.005 -18"><span class='ocrx_word' id='word_1_118' title='bbox 244 2831 447 2892; x_wconf 89' lang='lat' dir='ltr'>ordinatione</span> <span class='ocrx_word' id='word_1_119' title='bbox 476 2832 515 2891; x_wconf 92' lang='lat' dir='ltr'>ab</span> <span class='ocrx_word' id='word_1_120' title='bbox 544 2842 676 2892; x_wconf 87' lang='lat' dir='ltr'>aeterno</span> <span class='ocrx_word' id='word_1_121' title='bbox 705 2833 876 2909; x_wconf 89' lang='lat' dir='ltr'>praevisus</span> <span class='ocrx_word' id='word_1_122' title='bbox 899 2843 932 2894; x_wconf 92' lang='lat' dir='ltr'>et</span> <span class='ocrx_word' id='word_1_123' title='bbox 954 2835 1003 2895; x_wconf 92' lang='lat' dir='ltr'>in·</span> 
     </span>
     <span class='ocr_line' id='line_1_26' title="bbox 243 2928 1003 3008; baseline 0.007 -21"><span class='ocrx_word' id='word_1_124' title='bbox 243 2928 394 3005; x_wconf 87' lang='lat' dir='ltr'>spiratus.</span> <span class='ocrx_word' id='word_1_125' title='bbox 451 2929 525 2988; x_wconf 92' lang='lat' dir='ltr'>Non</span> <span class='ocrx_word' id='word_1_126' title='bbox 560 2945 636 3008; x_wconf 91' lang='lat' dir='ltr'>ergo</span> <span class='ocrx_word' id='word_1_127' title='bbox 671 2929 765 2990; x_wconf 91' lang='lat' dir='ltr'>aliter</span> <span class='ocrx_word' id='word_1_128' title='bbox 782 2930 904 3007; x_wconf 62' lang='lat' dir='ltr'>vpotuit</span> <span class='ocrx_word' id='word_1_129' title='bbox 939 2949 1003 2992; x_wconf 91' lang='lat' dir='ltr'>nec</span> 
     </span>
     <span class='ocr_line' id='line_1_27' title="bbox 243 3026 1003 3105; baseline 0.007 -19"><span class='ocrx_word' id='word_1_130' title='bbox 243 3026 354 3086; x_wconf 83' lang='lat' dir='ltr'>debuit</span> <span class='ocrx_word' id='word_1_131' title='bbox 390 3026 535 3087; x_wconf 89' lang='lat' dir='ltr'>scribere</span> <span class='ocrx_word' id='word_1_132' title='bbox 571 3027 713 3104; x_wconf 88' lang='lat' dir='ltr'>Pilatus,</span> <span class='ocrx_word' id='word_1_133' title='bbox 753 3045 849 3105; x_wconf 90' lang='lat' dir='ltr'>quam</span> <span class='ocrx_word' id='word_1_134' title='bbox 885 3038 918 3090; x_wconf 92' lang='lat' dir='ltr'>te</span> <span class='ocrx_word' id='word_1_135' title='bbox 955 3029 1003 3091; x_wconf 94' lang='lat' dir='ltr'>in·</span> 
     </span>
    </p>

    <p class='ocr_par' dir='ltr' id='par_1_10' title="bbox 207 3123 1003 3497">
     <span class='ocr_line' id='line_1_28' title="bbox 207 3123 1001 3199; baseline 0.005 -17"><span class='ocrx_word' id='word_1_136' title='bbox 207 3123 387 3199; x_wconf 81' lang='lat' dir='ltr'>asspirante</span> <span class='ocrx_word' id='word_1_137' title='bbox 430 3134 498 3184; x_wconf 86' lang='lat' dir='ltr'>erat</span> <span class='ocrx_word' id='word_1_138' title='bbox 541 3123 707 3184; x_wconf 87' lang='lat' dir='ltr'>formatus.</span> <span class='ocrx_word' id='word_1_139' title='bbox 765 3126 860 3186; x_wconf 92' lang='lat' dir='ltr'>Unde</span> <span class='ocrx_word' id='word_1_140' title='bbox 899 3136 932 3187; x_wconf 91' lang='lat' dir='ltr'>et</span> <span class='ocrx_word' id='word_1_141' title='bbox 968 3126 1001 3186; x_wconf 93' lang='lat' dir='ltr'>in</span> 
     </span>
     <span class='ocr_line' id='line_1_29' title="bbox 244 3221 1003 3299; baseline -0.001 -17"><span class='ocrx_word' id='word_1_142' title='bbox 244 3221 383 3299; x_wconf 86' lang='lat' dir='ltr'>egregiis</span> <span class='ocrx_word' id='word_1_143' title='bbox 426 3223 657 3298; x_wconf 89' lang='lat' dir='ltr'>prophetarum</span> <span class='ocrx_word' id='word_1_144' title='bbox 700 3221 792 3283; x_wconf 92' lang='lat' dir='ltr'>libris</span> <span class='ocrx_word' id='word_1_145' title='bbox 834 3221 1003 3282; x_wconf 88' lang='lat' dir='ltr'>invenitur</span> 
     </span>
     <span class='ocr_line' id='line_1_30' title="bbox 244 3320 1001 3398; baseline -0.001 -17"><span class='ocrx_word' id='word_1_146' title='bbox 244 3321 404 3398; x_wconf 89' lang='lat' dir='ltr'>mysticus</span> <span class='ocrx_word' id='word_1_147' title='bbox 426 3321 525 3381; x_wconf 91' lang='lat' dir='ltr'>huius</span> <span class='ocrx_word' id='word_1_148' title='bbox 547 3320 631 3381; x_wconf 88' lang='lat' dir='ltr'>tituli</span> <span class='ocrx_word' id='word_1_149' title='bbox 653 3338 773 3382; x_wconf 88' lang='lat' dir='ltr'>sensus</span> <span class='ocrx_word' id='word_1_150' title='bbox 795 3338 869 3381; x_wconf 89' lang='lat' dir='ltr'>curn</span> <span class='ocrx_word' id='word_1_151' title='bbox 890 3321 1001 3381; x_wconf 89' lang='lat' dir='ltr'>verbis</span> 
     </span>
     <span class='ocr_line' id='line_1_31' title="bbox 245 3419 1002 3497; baseline -0.003 -17"><span class='ocrx_word' id='word_1_152' title='bbox 245 3419 314 3480; x_wconf 88' lang='lat' dir='ltr'>suis</span> <span class='ocrx_word' id='word_1_153' title='bbox 343 3436 530 3496; x_wconf 85' lang='lat' dir='ltr'>expressus.</span> <span class='ocrx_word' id='word_1_154' title='bbox 575 3419 673 3496; x_wconf 88' lang='lat' dir='ltr'>Quod</span> <span class='ocrx_word' id='word_1_155' title='bbox 701 3419 798 3497; x_wconf 90' lang='lat' dir='ltr'>igitur</span> <span class='ocrx_word' id='word_1_156' title='bbox 826 3435 920 3478; x_wconf 87' lang='lat' dir='ltr'>sacra</span> <span class='ocrx_word' id='word_1_157' title='bbox 948 3435 1002 3495; x_wconf 88' lang='lat' dir='ltr'>pa·</span> 
     </span>
    </p>
   </div>
   <div class='ocr_carea' id='block_1_9' title="bbox 243 3514 1002 3660">
    <p class='ocr_par' dir='ltr' id='par_1_11' title="bbox 243 3514 1002 3660">
     <span class='ocr_line' id='line_1_32' title="bbox 243 3514 1002 3593; baseline 0 -18"><span class='ocrx_word' id='word_1_158' title='bbox 243 3516 318 3591; x_wconf 86' lang='lat' dir='ltr'>gina</span> <span class='ocrx_word' id='word_1_159' title='bbox 349 3516 404 3575; x_wconf 91' lang='lat' dir='ltr'>diu</span> <span class='ocrx_word' id='word_1_160' title='bbox 436 3525 510 3576; x_wconf 92' lang='lat' dir='ltr'>ante</span> <span class='ocrx_word' id='word_1_161' title='bbox 541 3514 761 3591; x_wconf 86' lang='lat' dir='ltr'>praedixerat,</span> <span class='ocrx_word' id='word_1_162' title='bbox 796 3516 882 3593; x_wconf 93' lang='lat' dir='ltr'>quod</span> <span class='ocrx_word' id='word_1_163' title='bbox 915 3516 1002 3576; x_wconf 87' lang='lat' dir='ltr'>clara</span> 
     </span>
     <span class='ocr_line' id='line_1_33' title="bbox 607 3619 645 3660; baseline 0 0"><span class='ocrx_word' id='word_1_164' title='bbox 607 3619 645 3660; x_wconf 66' lang='grc' dir='ltr'>με</span> 
     </span>
    </p>
   </div>
   <div class='ocr_carea' id='block_1_10' title="bbox 0 0 1080 4174">
    <p class='ocr_par' dir='ltr' id='par_1_12' title="bbox 0 0 1080 4174">
     <span class='ocr_line' id='line_1_34' title="bbox 0 0 1080 4174; baseline 0 0"><span class='ocrx_word' id='word_1_165' title='bbox 0 0 1080 4174; x_wconf 95' lang='lat' dir='ltr'> </span> 
     </span>
    </p>
   </div>
  </div>
 </body>
</html>
