2142 4172
80 659 204 736 fragilis
218 659 314 734 vitae,
336 657 424 734 erige
446 666 520 718 ante
537 658 653 719 faciem
674 676 779 720 meam
802 660 835 720 in

78 757 180 816 altum
196 767 327 817 sanctae
342 754 450 816 crucis
461 763 535 814 tuae
551 757 659 832 regale
669 757 837 833 vexillum,

78 863 231 916 aeternae
253 854 368 914 salutis
383 852 523 930 signum,
547 852 725 914 divinitatis
745 870 837 930 scep-

77 961 177 1026 trum,
198 951 408 1012 humanitatis
430 966 540 1010 arcum
557 959 589 1011 et
611 961 751 1026 scutum,
773 950 836 1011 ior·

78 1049 244 1110 tissimum
279 1049 575 1126 propugnaculum,
610 1049 755 1109 terribile
790 1058 860 1108 to-s

78 1146 225 1208 nitruum
255 1155 288 1207 et
309 1146 534 1207 acutissimum
561 1146 703 1208 iaculum
725 1157 837 1224 contra

78 1244 198 1304 diaboli
215 1243 380 1305 fremitum
397 1253 429 1305 et
443 1245 576 1321 bellum,
598 1254 710 1306 contra
724 1245 836 1306 mundi

77 1341 251 1418 strepitum
263 1351 296 1402 et
306 1341 414 1402 camis
424 1341 604 1418 stimulum,
617 1352 729 1402 contra
739 1359 836 1403 omne

77 1439 195 1500 vitium
225 1450 257 1500 et
288 1437 461 1516 cogitatum
487 1455 696 1515 perversum,
725 1449 837 1500 contra

76 1537 302 1614 blasphemiae
337 1536 487 1612 spiritum
528 1546 560 1597 et
599 1537 837 1614 desperationis
849 1551 873 1592 io

78 1635 236 1712 abyssum
272 1635 436 1695 volentem
470 1651 523 1695 me
559 1636 770 1713 submergere
805 1645 837 1695 et

78 1733 275 1809 saepissime
296 1733 335 1793 ab
351 1731 557 1793 invocatione
577 1732 758 1793 dulcissimi
781 1749 837 1792 no-

78 1829 180 1890 minis
201 1829 248 1890 tui
271 1830 346 1891 Iesu
369 1839 401 1891 et
424 1840 555 1892 sanctae
578 1831 703 1891 Mariae
725 1830 837 1891 matris

78 1937 155 1988 tuae
170 1937 203 1988 et
217 1938 404 1989 sanctorum
419 1937 549 1989 tuorum
564 1936 723 2003 avertere,
738 1927 836 1988 vitam

78 2033 113 2084 et
128 2023 247 2084 famam
263 2041 376 2085 eorum
392 2025 563 2103 denigrare
578 2034 620 2102 et,
642 2025 728 2102 quod
743 2024 838 2101 peius
849 2042 874 2083 1⁵

79 2132 149 2197 est,
170 2139 188 2181 a
209 2132 298 2182 recta
319 2122 382 2183 iide
405 2132 437 2182 et
458 2131 589 2183 sanctae
611 2123 719 2183 crucis
740 2139 838 2183 vene·

79 2219 206 2280 ratione
218 2229 250 2280 et
260 2221 462 2281 amorebene
474 2221 661 2281 credentem
673 2237 837 2281 revocare.

122 2316 152 2378 O
169 2317 254 2392 lesu,
276 2334 334 2378 rex
356 2317 544 2393 fortissime,
566 2318 609 2378 sit
625 2317 705 2378 mihi
728 2328 839 2379 sancta

79 2431 160 2475 crux
182 2424 237 2474 tua
258 2416 357 2490 salus,
381 2432 443 2491 pax
464 2423 497 2474 et
517 2415 593 2490 vita,
615 2415 750 2491 clipeus,
774 2416 838 2492 gla-

79 2512 155 2572 dius
177 2520 210 2571 et
231 2507 353 2588 lancea,
375 2512 474 2572 turris
496 2512 696 2575 fortitudinis
714 2530 733 2573 a
754 2513 873 2574 iaciew

78 2608 216 2684 inimici,
238 2627 352 2670 murus
374 2608 488 2670 firmus
510 2609 656 2670 airaude
675 2610 838 2687 serpentis

77 2706 222 2784 antiqui,
244 2709 299 2768 lux
320 2708 354 2768 in
376 2708 490 2784 domo,
514 2708 579 2768 dux
600 2707 633 2768 in
656 2707 725 2784 via,
753 2709 838 2768 bona

78 2804 228 2864 custodia
248 2805 338 2865 intus
360 2814 392 2865 et
407 2815 506 2882 extra,
527 2823 626 2881 supra
644 2815 676 2865 et
689 2805 775 2866 infra
796 2807 837 2866 ob

79 2903 183 2963 multa
213 2903 379 2963 obstacula
409 2912 442 2962 et
474 2902 627 2979 pericula.
677 2902 726 2964 Sit
756 2903 835 2963 mihi

78 2998 187 3061 dulcis
215 3008 247 3060 et
275 2999 393 3060 dilecta
421 3017 500 3060 crux
535 3001 629 3077 quies
658 3001 691 3062 in
717 3002 873 3077 labore‚2⁵

78 3097 228 3158 solamen
238 3096 273 3157 in
284 3114 442 3174 maerore,
455 3098 617 3159 medicina
627 3099 660 3158 in
672 3100 837 3176 languore,

78 3195 191 3255 unctio
214 3195 247 3254 in
269 3195 381 3255 dolore
389 3213 398 3271 ;
420 3195 462 3255 sit
481 3196 581 3255 tutela
602 3196 636 3256 in
651 3195 837 3271 solitudine,

78 3293 207 3353 cautela
216 3292 250 3352 in
261 3293 479 3369 multitudine,
494 3293 527 3353 in
539 3293 683 3354 tenebris
694 3295 837 3367 lucerna,

78 3390 113 3451 in
129 3390 266 3451 meridie
283 3390 413 3466 laetitia,
428 3391 462 3450 in
472 3407 611 3467 vespere
627 3391 707 3467 laus,
723 3393 837 3466 honor,

79 3488 185 3549 virtus
214 3499 246 3549 et
275 3489 387 3566 gloria.
437 3487 485 3548 Sit
515 3488 595 3549 mihi
625 3488 775 3565 speciosa
805 3496 873 3548 etao

78 3586 199 3647 decora
214 3602 293 3645 crux
308 3586 446 3646 dulcedo
462 3585 495 3646 in
511 3586 736 3661 amaritudine,
752 3586 837 3645 vale·

440 3690 481 3734 aot
688 3690 731 3732 ao·
