2118 4180
110 417 863 527 Qssffissdsmrfflffl

101 607 277 684 proposui,
303 605 475 682 diligenter
497 605 647 666 stabilivi.
691 606 765 665 Heu
788 622 866 682 quo·

102 703 193 764 tiens
222 703 362 778 respicio
392 714 424 764 et
452 704 603 780 inquam
626 705 754 779 multiS‚
783 722 866 781 quae

102 800 189 860 nihil
212 801 395 877 important,
417 812 546 878 tempus
566 804 713 878 expendo
732 813 763 864 et
778 813 865 864 tuam

104 915 166 975 pro
196 899 288 959 dolor
315 899 502 975 passionem
533 917 598 960 non
630 901 770 961 attend0.
818 900 866 960 Tu

104 1013 167 1073 per
188 1006 288 1057 artam
311 997 396 1056 viam
420 1013 472 1056 me
494 997 721 1073 praecessisti,
750 1009 782 1058 et
807 1016 889 1075 egos

104 1092 207 1152 siccis
228 1102 418 1168 pertranseo
446 1094 567 1170 oculis,
596 1095 687 1170 quasi
718 1095 799 1156 nihil
828 1096 866 1155 ad

104 1207 160 1250 me
176 1191 335 1266 pertineat
350 1193 390 1252 de
405 1193 572 1252 doloribus
587 1192 661 1252 tuis.
697 1193 864 1254 Memento

105 1287 240 1365 insipidi
273 1289 381 1348 cordis
412 1289 476 1349 mei
511 1299 542 1349 et
573 1306 755 1350 amorosam
787 1290 866 1351 mihi

106 1386 245 1446 infunde
274 1395 348 1446 tuae
377 1386 600 1446 amarissimae
626 1386 790 1462 passionis
819 1405 867 1448 re-

107 1484 342 1545 cordationem.
880 1510 904 1550 10

302 1692 572 1769 [cnrlrvuvn
596 1694 679 1770 vu]

133 1825 355 1886 Praesentotio
377 1825 508 1885 Domini
527 1825 598 1885 Iesu
619 1841 726 1887 corum
746 1826 842 1886 Anno

402 1924 573 1983 sacerdote.

109 2016 359 2238 &medico
381 2083 413 2134 et
428 2074 546 2151 gratias
561 2093 620 2152 ago
635 2075 703 2151 tibi,
727 2076 867 2138 Domine

237 2172 312 2231 lesu
324 2172 469 2248 Christe,
484 2172 548 2232 dux
559 2174 644 2234 vitae
656 2183 687 2234 et
698 2184 810 2235 auctor
820 2193 869 2235 sa·
881 2191 905 2232 15

108 2269 187 2330 lutis
202 2278 345 2344 nostrae,
359 2286 418 2345 pro
428 2279 483 2329 tua
493 2269 597 2344 prima
607 2272 869 2346 praesentatione

109 2385 219 2428 coram
251 2365 347 2426 Anna
378 2366 565 2442 sacerdote,
601 2367 655 2427 ubi
687 2369 726 2429 de
758 2371 869 2431 multis

109 2465 329 2541 interrogatus
355 2474 387 2524 et
413 2464 446 2524 in
469 2464 598 2524 maxilla
619 2482 677 2541 pro
700 2467 814 2527 humili
838 2478 869 2528 et

1 2637 2 2648 χ
108 2563 255 2624 veridica
266 2561 480 2638 responsione
492 2561 571 2620 dure
583 2562 869 2639 fuistipercussus.

152 2661 262 2722 Laudo
291 2669 323 2720 et
351 2659 532 2719 honorilico
561 2668 609 2736 te,
639 2661 781 2737 gloriose
812 2681 905 2724 rexao

109 2760 264 2835 Christe,
292 2776 350 2835 pro
379 2759 434 2818 illa
459 2758 709 2819 inhonoratione
736 2770 767 2820 et
794 2779 869 2822 con-

108 2858 285 2919 tumeliosa
296 2855 507 2933 alapisatione
520 2857 559 2915 ab
571 2855 771 2932 impudentis
781 2860 867 2919 servi

108 2971 208 3014 manu
231 2953 288 3014 tibi
311 2953 440 3029 iniecta,
462 2954 590 3032 quando
612 2955 651 3015 ad
673 2956 719 3016 tui
738 2957 805 3016 oris
821 2975 869 3016 re-

109 3069 269 3129 sponsum
286 3052 500 3112 fortissimum
523 3052 556 3112 in
580 3051 695 3113 faciem
718 3053 774 3112 tibi
798 3055 869 3114 red-

109 3149 190 3210 didit
212 3151 313 3209 ictum
336 3150 465 3210 dicens:
487 3148 542 3209 Sic
564 3151 744 3225 respondes
765 3152 905 3226 ponti-25

110 3247 192 3308 lici?
222 3246 286 3308 Cui
310 3264 439 3307 rursum
461 3257 507 3322 tu,
528 3246 763 3323 benignissime
784 3248 869 3323 lesu,

1 3377 3 3392 ›
110 3344 368 3421 imperturbabili
404 3353 514 3406 mente
550 3353 581 3404 et
619 3361 675 3404 ore
710 3344 867 3421 placidam

111 3442 187 3502 dare
210 3442 459 3518 responsionem
476 3459 541 3503 non
556 3441 803 3518 praetermisisti
826 3443 869 3502 ita

111 3539 282 3616 inquiens:
318 3538 352 3599 si
382 3540 466 3600 male
496 3539 625 3599 locutus
654 3555 744 3614 sum,
779 3539 868 3599 testi·

478 3645 501 3687 71
