2194 4180
123 633 270 693 iucundo
301 643 435 710 aspectu
465 633 539 692 Iesu
572 632 715 708 Christi,
746 633 786 692 de
817 649 882 709 quo

124 730 206 790 olim
228 730 314 790 inter
327 729 575 790 benedictiones
591 728 732 789 tiliorum
752 738 881 788 tuorum

126 827 322 888 fiducialiter
357 844 454 887 orans
489 826 694 902 praedixisti:
735 825 882 887 Salutare

123 935 219 985 tuum
242 924 430 1002 expectabo,
453 923 605 983 Domine.
634 923 663 985 O
686 940 764 983 vere
787 923 881 982 dulce

124 1023 263 1083 verbum
293 1022 332 1082 ad
354 1021 552 1081 audiendum
582 1020 645 1098 piis
668 1020 789 1081 laetitia
816 1021 905 1096 ple-s

123 1138 216 1181 num.
245 1120 274 1182 O
298 1120 439 1180 salutare
456 1119 604 1194 verbum,
626 1119 659 1178 in
681 1135 746 1195 quo
761 1135 881 1179 nornen

125 1219 203 1278 Iesu
226 1219 365 1278 latenter
385 1226 436 1277 est
457 1216 630 1293 signatum,
651 1234 670 1276 a
691 1216 883 1293 patriarchis

124 1325 159 1376 et
181 1315 349 1392 prophetis
371 1315 426 1374 diu
456 1314 694 1389 desideratum,
723 1313 884 1390 patienter

122 1421 330 1488 expectatum
353 1421 386 1473 et
407 1412 537 1472 tandem
565 1411 670 1471 oculis
697 1419 882 1486 praesenta·

123 1520 205 1570 turn.
248 1510 322 1570 Non
354 1509 441 1569 enim
473 1509 560 1569 aliud
591 1525 712 1569 nornen
742 1516 793 1567 est
820 1507 919 1570 subro

123 1606 217 1667 caelo
239 1607 348 1666 datum
370 1606 569 1681 hominibus,
592 1605 624 1665 in
647 1622 712 1682 quo
735 1615 882 1680 oporteat

123 1722 188 1765 nos
209 1705 318 1765 salvos
341 1703 422 1780 fieri,
450 1722 546 1782 quarn
568 1706 631 1764 hoc
653 1701 880 1762 dulcissimum

123 1819 246 1862 nomen
279 1802 373 1862 iesus
408 1802 447 1862 ab
483 1813 617 1862 aeterno
648 1811 680 1861 et
711 1816 816 1876 usque
847 1799 880 1859 in

122 1909 295 1961 aeternum
327 1917 428 1976 super
457 1899 567 1959 omnia
601 1897 810 1958 benedictum
847 1895 880 1955 in

122 1997 265 2056 saecula.
296 1997 369 2073 ipse
391 1997 523 2074 quidem
547 1997 640 2057 iesus
662 1996 802 2056 salutare
819 1993 879 2053 Dei
893 2011 917 2052 ιε

121 2093 309 2171 promissus
344 2095 377 2155 in
413 2096 502 2172 lege,
537 2105 633 2155 natus
668 2094 708 2155 de
743 2092 880 2169 virgine,

122 2209 244 2268 passus
264 2192 298 2252 in
314 2209 412 2252 cruce
429 2193 607 2253 resurrexit
629 2191 723 2252 tertia
738 2190 801 2266 die,
823 2190 881 2249 im-

122 2289 227 2366 plevit
257 2289 383 2365 omnia,
419 2307 502 2367 quae
534 2291 574 2350 de
605 2307 644 2350 eo
675 2288 774 2349 locuti
805 2296 881 2347 sunt

122 2387 229 2448 sancti
251 2387 453 2464 patriarchae
485 2397 517 2448 et
548 2404 664 2448 omnes
693 2386 880 2464 prophetae.

124 2485 188 2546 Dic
210 2502 287 2562 ergo
310 2502 397 2545 nunc
421 2495 550 2561 aperte,
579 2494 690 2545 sancte
713 2483 819 2559 Iacob,
847 2482 917 2544 ineo

122 2582 248 2642 laetitia
278 2581 386 2643 cordis
416 2582 482 2657 tui,
512 2583 648 2659 loquere
679 2581 719 2640 de
746 2580 881 2642 Christo

122 2689 301 2755 apparente
322 2679 356 2739 in
377 2679 481 2756 gloria
500 2679 602 2755 patris
624 2678 674 2738 sui
696 2694 804 2738 coram
826 2695 881 2737 an·

121 2776 208 2854 gelis
230 2777 301 2838 Dei.
344 2776 448 2837 Video
477 2776 541 2836 iarn
565 2775 742 2836 Dominum
769 2792 878 2836 meum

123 2873 209 2934 facie
231 2874 269 2934 ad
292 2873 421 2949 faciem,
443 2882 475 2933 et
497 2874 587 2933 salva
609 2873 692 2933 facta
707 2882 758 2933 est
772 2872 881 2933 anima

121 2989 206 3033 mea.
250 2971 337 3049 Quid
360 2971 444 3031 ultra
458 2971 636 3046 desideras,
657 2980 690 3031 et
709 2970 786 3048 quid
809 2969 917 3031 feli-25

122 3069 196 3131 cius
227 3069 347 3129 habere
375 3067 525 3144 poteris?
568 3067 601 3129 Si
633 3078 697 3128 tam
727 3083 879 3144 magnum

120 3165 276 3244 gaudium
298 3164 458 3240 habuisti,
486 3165 614 3241 quando
643 3165 794 3241 angelum
818 3163 879 3224 Dei

121 3263 245 3339 vidisti,
267 3280 285 3323 o
308 3271 463 3340 quantum
492 3261 622 3339 gloriari
652 3279 739 3322 nunc
768 3261 879 3336 debes,

121 3360 200 3438 quia
230 3361 419 3437 angelorum
452 3359 628 3419 Dominum
664 3358 777 3419 videre
812 3376 879 3419 me·

121 3458 228 3520 ruisti.
271 3457 305 3519 Si
328 3457 445 3518 revixit
466 3456 601 3533 spiritus
627 3465 720 3532 tuus,
749 3456 916 3534 quandoao

120 3556 258 3617 audisti:
288 3556 406 3631 Ioseph
429 3554 516 3615 filius
538 3564 614 3614 tuus
636 3554 716 3614 vivit
745 3564 777 3614 et
806 3554 877 3630 ipse

483 3659 525 3700 aa
