<?xml version="1.0" encoding="UTF-8"?>
<!DOCTYPE html PUBLIC "-//W3C//DTD XHTML 1.0 Transitional//EN"
    "http://www.w3.org/TR/xhtml1/DTD/xhtml1-transitional.dtd">
<html xmlns="http://www.w3.org/1999/xhtml" xml:lang="en" lang="en">
 <head>
  <title>
</title>
<meta http-equiv="Content-Type" content="text/html;charset=utf-8" />
  <meta name='ocr-system' content='tesseract 3.04.00' />
  <meta name='ocr-capabilities' content='ocr_page ocr_carea ocr_par ocr_line ocrx_word'/>
</head>
<body>
  <div class='ocr_page' id='page_1' title='image "./thomaehemerkena02pohlgoog_0263.png"; bbox 0 0 2194 4180; ppageno 0'>
   <div class='ocr_carea' id='block_1_1' title="bbox 210 591 1085 3500">
    <p class='ocr_par' dir='ltr' id='par_1_1' title="bbox 210 591 1085 3500">
     <span class='ocr_line' id='line_1_1' title="bbox 241 591 998 672; baseline 0.005 -22"><span class='ocrx_word' id='word_1_1' title='bbox 241 608 278 651; x_wconf 90' lang='lat' dir='ltr'><strong>es</strong></span> <span class='ocrx_word' id='word_1_2' title='bbox 293 591 485 668; x_wconf 83' lang='lat' dir='ltr'><strong>dedignatus</strong></span> <span class='ocrx_word' id='word_1_3' title='bbox 501 591 597 668; x_wconf 91' lang='lat' dir='ltr'><strong>tangi,</strong></span> <span class='ocrx_word' id='word_1_4' title='bbox 618 592 729 668; x_wconf 91' lang='lat' dir='ltr'><strong>lavari,</strong></span> <span class='ocrx_word' id='word_1_5' title='bbox 751 593 842 670; x_wconf 83' lang='lat' dir='ltr'>tergi,</span> <span class='ocrx_word' id='word_1_6' title='bbox 865 595 942 672; x_wconf 89' lang='lat' dir='ltr'><strong>ungi</strong></span> <span class='ocrx_word' id='word_1_7' title='bbox 966 605 998 654; x_wconf 93' lang='lat' dir='ltr'><strong>et</strong></span> 
     </span>
     <span class='ocr_line' id='line_1_2' title="bbox 243 689 998 766; baseline 0.003 -18"><span class='ocrx_word' id='word_1_8' title='bbox 243 689 383 748; x_wconf 91' lang='lat' dir='ltr'><strong>osculari</strong></span> <span class='ocrx_word' id='word_1_9' title='bbox 414 689 455 749; x_wconf 91' lang='lat' dir='ltr'><strong>de</strong></span> <span class='ocrx_word' id='word_1_10' title='bbox 486 689 591 749; x_wconf 85' lang='lat' dir='ltr'><strong>illaria</strong></span> <span class='ocrx_word' id='word_1_11' title='bbox 621 691 803 766; x_wconf 90' lang='lat' dir='ltr'><strong>peccatrice</strong></span> <span class='ocrx_word' id='word_1_12' title='bbox 834 692 935 752; x_wconf 86' lang='lat' dir='ltr'><strong>flente</strong></span> <span class='ocrx_word' id='word_1_13' title='bbox 966 700 998 751; x_wconf 90' lang='lat' dir='ltr'><strong>et</strong></span> 
     </span>
     <span class='ocr_line' id='line_1_3' title="bbox 243 785 999 864; baseline 0.005 -19"><span class='ocrx_word' id='word_1_14' title='bbox 243 785 438 861; x_wconf 89' lang='lat' dir='ltr'><strong>paenitente.</strong></span> <span class='ocrx_word' id='word_1_15' title='bbox 482 786 511 847; x_wconf 95' lang='lat' dir='ltr'>O</span> <span class='ocrx_word' id='word_1_16' title='bbox 543 787 595 864; x_wconf 88' lang='lat' dir='ltr'><strong>pie</strong></span> <span class='ocrx_word' id='word_1_17' title='bbox 628 788 721 864; x_wconf 88' lang='lat' dir='ltr'><strong>lesu,</strong></span> <span class='ocrx_word' id='word_1_18' title='bbox 752 789 796 848; x_wconf 90' lang='lat' dir='ltr'><strong>lili</strong></span> <span class='ocrx_word' id='word_1_19' title='bbox 827 789 899 849; x_wconf 87' lang='lat' dir='ltr'><strong>Dei·</strong></span> <span class='ocrx_word' id='word_1_20' title='bbox 921 789 999 864; x_wconf 90' lang='lat' dir='ltr'><strong>vivi,</strong></span> 
     </span>
     <span class='ocr_line' id='line_1_4' title="bbox 243 881 999 961; baseline 0.008 -20"><span class='ocrx_word' id='word_1_21' title='bbox 243 881 432 942; x_wconf 83' lang='lat' dir='ltr'><strong>misericors</strong></span> <span class='ocrx_word' id='word_1_22' title='bbox 474 885 613 945; x_wconf 89' lang='lat' dir='ltr'><strong>salvator</strong></span> <span class='ocrx_word' id='word_1_23' title='bbox 649 885 781 961; x_wconf 92' lang='lat' dir='ltr'><strong>mundi,</strong></span> <span class='ocrx_word' id='word_1_24' title='bbox 821 896 854 946; x_wconf 92' lang='lat' dir='ltr'><strong>tu</strong></span> <span class='ocrx_word' id='word_1_25' title='bbox 898 887 999 947; x_wconf 89' lang='lat' dir='ltr'><strong>multa</strong></span> 
     </span>
     <span class='ocr_line' id='line_1_5' title="bbox 220 979 1000 1060; baseline 0.006 -21"><span class='ocrx_word' id='word_1_26' title='bbox 220 979 403 1040; x_wconf 85' lang='lat' dir='ltr'><strong>sbenelicia</strong></span> <span class='ocrx_word' id='word_1_27' title='bbox 431 990 462 1040; x_wconf 92' lang='lat' dir='ltr'><strong>et</strong></span> <span class='ocrx_word' id='word_1_28' title='bbox 489 998 604 1058; x_wconf 88' lang='lat' dir='ltr'><strong>magna</strong></span> <span class='ocrx_word' id='word_1_29' title='bbox 625 983 799 1058; x_wconf 88' lang='lat' dir='ltr'><strong>gratiarum</strong></span> <span class='ocrx_word' id='word_1_30' title='bbox 829 983 1000 1060; x_wconf 88' lang='lat' dir='ltr'><strong>privilegia</strong></span> 
     </span>
     <span class='ocr_line' id='line_1_6' title="bbox 243 1078 998 1157; baseline 0.004 -20"><span class='ocrx_word' id='word_1_31' title='bbox 243 1078 452 1139; x_wconf 78' lang='lat' dir='ltr'><strong>beatissimae</strong></span> <span class='ocrx_word' id='word_1_32' title='bbox 481 1079 606 1140; x_wconf 86' lang='lat' dir='ltr'><strong>lllariae</strong></span> <span class='ocrx_word' id='word_1_33' title='bbox 633 1079 846 1157; x_wconf 86' lang='lat' dir='ltr'><strong>lllagdalenae</strong></span> <span class='ocrx_word' id='word_1_34' title='bbox 874 1080 909 1140; x_wconf 94' lang='lat' dir='ltr'><strong>in</strong></span> <span class='ocrx_word' id='word_1_35' title='bbox 938 1082 998 1140; x_wconf 90' lang='lat' dir='ltr'><strong>hac</strong></span> 
     </span>
     <span class='ocr_line' id='line_1_7' title="bbox 244 1175 999 1239; baseline 0.005 -5"><span class='ocrx_word' id='word_1_36' title='bbox 244 1175 310 1235; x_wconf 88' lang='lat' dir='ltr'><strong>vita</strong></span> <span class='ocrx_word' id='word_1_37' title='bbox 331 1176 588 1237; x_wconf 85' lang='lat' dir='ltr'><strong>misericorditer</strong></span> <span class='ocrx_word' id='word_1_38' title='bbox 610 1178 786 1239; x_wconf 91' lang='lat' dir='ltr'><strong>contulisti.</strong></span> <span class='ocrx_word' id='word_1_39' title='bbox 829 1177 913 1239; x_wconf 91' lang='lat' dir='ltr'><strong>Nam</strong></span> <span class='ocrx_word' id='word_1_40' title='bbox 929 1195 999 1238; x_wconf 88' lang='lat' dir='ltr'><strong>sae·</strong></span> 
     </span>
     <span class='ocr_line' id='line_1_8' title="bbox 244 1273 1000 1352; baseline 0.007 -20"><span class='ocrx_word' id='word_1_41' title='bbox 244 1273 308 1334; x_wconf 93' lang='lat' dir='ltr'><strong>culi</strong></span> <span class='ocrx_word' id='word_1_42' title='bbox 330 1273 472 1334; x_wconf 88' lang='lat' dir='ltr'><strong>vanitate</strong></span> <span class='ocrx_word' id='word_1_43' title='bbox 503 1274 628 1335; x_wconf 91' lang='lat' dir='ltr'><strong>abiecta</strong></span> <span class='ocrx_word' id='word_1_44' title='bbox 658 1284 689 1335; x_wconf 91' lang='lat' dir='ltr'><strong>et</strong></span> <span class='ocrx_word' id='word_1_45' title='bbox 720 1276 760 1335; x_wconf 93' lang='lat' dir='ltr'><strong>ad</strong></span> <span class='ocrx_word' id='word_1_46' title='bbox 790 1287 822 1336; x_wconf 88' lang='lat' dir='ltr'><strong>te</strong></span> <span class='ocrx_word' id='word_1_47' title='bbox 853 1277 1000 1352; x_wconf 83' lang='lat' dir='ltr'><strong>perfecte</strong></span> 
     </span>
     <span class='ocr_line' id='line_1_9' title="bbox 245 1371 1001 1446; baseline 0.007 -18"><span class='ocrx_word' id='word_1_48' title='bbox 245 1386 404 1429; x_wconf 89' lang='lat' dir='ltr'><strong>conversa</strong></span> <span class='ocrx_word' id='word_1_49' title='bbox 438 1371 669 1446; x_wconf 90' lang='lat' dir='ltr'><strong>paenitentiam</strong></span> <span class='ocrx_word' id='word_1_50' title='bbox 705 1373 777 1433; x_wconf 91' lang='lat' dir='ltr'><strong>eius</strong></span> <span class='ocrx_word' id='word_1_51' title='bbox 819 1375 1001 1435; x_wconf 91' lang='lat' dir='ltr'><strong>clementer</strong></span> 
     </span>
     <span class='ocr_line' id='line_1_10' title="bbox 210 1468 1000 1547; baseline 0.001 -18"><span class='ocrx_word' id='word_1_52' title='bbox 210 1488 234 1529; x_wconf 86' lang='lat' dir='ltr'><strong>ro</strong></span> <span class='ocrx_word' id='word_1_53' title='bbox 245 1468 438 1543; x_wconf 90' lang='lat' dir='ltr'><strong>acceptasti,</strong></span> <span class='ocrx_word' id='word_1_54' title='bbox 469 1469 579 1528; x_wconf 88' lang='lat' dir='ltr'><strong>omnia</strong></span> <span class='ocrx_word' id='word_1_55' title='bbox 608 1479 740 1546; x_wconf 90' lang='lat' dir='ltr'><strong>peccata</strong></span> <span class='ocrx_word' id='word_1_56' title='bbox 768 1472 865 1547; x_wconf 88' lang='lat' dir='ltr'><strong>plene</strong></span> <span class='ocrx_word' id='word_1_57' title='bbox 897 1471 927 1532; x_wconf 88' lang='lat' dir='ltr'><strong>ei</strong></span> <span class='ocrx_word' id='word_1_58' title='bbox 952 1471 1000 1531; x_wconf 91' lang='lat' dir='ltr'><strong>in·</strong></span> 
     </span>
     <span class='ocr_line' id='line_1_11' title="bbox 246 1554 999 1643; baseline 0.007 -19"><span class='ocrx_word' id='word_1_59' title='bbox 246 1564 374 1624; x_wconf 91' lang='lat' dir='ltr'><strong>dulsisti</strong></span> <span class='ocrx_word' id='word_1_60' title='bbox 407 1575 438 1626; x_wconf 90' lang='lat' dir='ltr'><strong>et</strong></span> <span class='ocrx_word' id='word_1_61' title='bbox 468 1566 507 1624; x_wconf 88' lang='lat' dir='ltr'><strong>ab</strong></span> <span class='ocrx_word' id='word_1_62' title='bbox 534 1554 625 1627; x_wconf 81' lang='lat' dir='ltr'><strong>omni</strong></span> <span class='ocrx_word' id='word_1_63' title='bbox 647 1584 753 1643; x_wconf 88' lang='lat' dir='ltr'><strong>poena</strong></span> <span class='ocrx_word' id='word_1_64' title='bbox 775 1568 999 1630; x_wconf 86' lang='lat' dir='ltr'><strong>lacrimantem</strong></span> 
     </span>
     <span class='ocr_line' id='line_1_12' title="bbox 246 1663 1000 1740; baseline 0.007 -18"><span class='ocrx_word' id='word_1_65' title='bbox 246 1663 424 1722; x_wconf 90' lang='lat' dir='ltr'><strong>absolvisti.</strong></span> <span class='ocrx_word' id='word_1_66' title='bbox 467 1663 619 1740; x_wconf 84' lang='lat' dir='ltr'><strong>Magnam</strong></span> <span class='ocrx_word' id='word_1_67' title='bbox 650 1665 879 1726; x_wconf 88' lang='lat' dir='ltr'><strong>contritionem</strong></span> <span class='ocrx_word' id='word_1_68' title='bbox 909 1666 1000 1727; x_wconf 89' lang='lat' dir='ltr'><strong>cordi</strong></span> 
     </span>
     <span class='ocr_line' id='line_1_13' title="bbox 246 1760 1003 1840; baseline 0.008 -21"><span class='ocrx_word' id='word_1_69' title='bbox 246 1760 319 1820; x_wconf 86' lang='lat' dir='ltr'><strong>eius</strong></span> <span class='ocrx_word' id='word_1_70' title='bbox 340 1760 505 1837; x_wconf 89' lang='lat' dir='ltr'><strong>inspirasti</strong></span> <span class='ocrx_word' id='word_1_71' title='bbox 522 1771 563 1837; x_wconf 89' lang='lat' dir='ltr'><strong>et,</strong></span> <span class='ocrx_word' id='word_1_72' title='bbox 585 1779 627 1822; x_wconf 90' lang='lat' dir='ltr'><strong>ne</strong></span> <span class='ocrx_word' id='word_1_73' title='bbox 642 1763 830 1840; x_wconf 88' lang='lat' dir='ltr'><strong>desperaret</strong></span> <span class='ocrx_word' id='word_1_74' title='bbox 849 1764 1003 1825; x_wconf 80' lang='lat' dir='ltr'><strong>devenio</strong></span> 
     </span>
     <span class='ocr_line' id='line_1_14' title="bbox 247 1858 1002 1937; baseline 0.004 -20"><span class='ocrx_word' id='word_1_75' title='bbox 247 1858 481 1918; x_wconf 88' lang='lat' dir='ltr'><strong>consolationis</strong></span> <span class='ocrx_word' id='word_1_76' title='bbox 502 1868 588 1936; x_wconf 86' lang='lat' dir='ltr'><strong>tuae,</strong></span> <span class='ocrx_word' id='word_1_77' title='bbox 609 1861 743 1937; x_wconf 84' lang='lat' dir='ltr'><strong>gratiam</strong></span> <span class='ocrx_word' id='word_1_78' title='bbox 766 1860 888 1922; x_wconf 92' lang='lat' dir='ltr'><strong>dolenti</strong></span> <span class='ocrx_word' id='word_1_79' title='bbox 915 1860 1002 1920; x_wconf 85' lang='lat' dir='ltr'><strong>iniu-</strong></span> 
     </span>
     <span class='ocr_line' id='line_1_15' title="bbox 214 1954 1002 2034; baseline -0.004 -15"><span class='ocrx_word' id='word_1_80' title='bbox 214 1954 340 2030; x_wconf 83' lang='lat' dir='ltr'><strong>rsdisti3</strong></span> <span class='ocrx_word' id='word_1_81' title='bbox 369 1954 509 2015; x_wconf 92' lang='lat' dir='ltr'><strong>animam</strong></span> <span class='ocrx_word' id='word_1_82' title='bbox 533 1957 605 2016; x_wconf 91' lang='lat' dir='ltr'><strong>eius</strong></span> <span class='ocrx_word' id='word_1_83' title='bbox 628 1957 703 2034; x_wconf 88' lang='lat' dir='ltr'><strong>igne</strong></span> <span class='ocrx_word' id='word_1_84' title='bbox 732 1957 835 2018; x_wconf 91' lang='lat' dir='ltr'><strong>sancti</strong></span> <span class='ocrx_word' id='word_1_85' title='bbox 859 1956 1002 2033; x_wconf 90' lang='lat' dir='ltr'><strong>Spiritus</strong></span> 
     </span>
     <span class='ocr_line' id='line_1_16' title="bbox 247 2052 1003 2115; baseline 0.001 -4"><span class='ocrx_word' id='word_1_86' title='bbox 247 2052 424 2113; x_wconf 89' lang='lat' dir='ltr'><strong>accendisti</strong></span> <span class='ocrx_word' id='word_1_87' title='bbox 448 2063 480 2112; x_wconf 93' lang='lat' dir='ltr'><strong>et</strong></span> <span class='ocrx_word' id='word_1_88' title='bbox 501 2054 547 2114; x_wconf 91' lang='lat' dir='ltr'><strong>tui</strong></span> <span class='ocrx_word' id='word_1_89' title='bbox 571 2054 691 2114; x_wconf 90' lang='lat' dir='ltr'><strong>amoris</strong></span> <span class='ocrx_word' id='word_1_90' title='bbox 714 2053 887 2115; x_wconf 91' lang='lat' dir='ltr'><strong>dulcedine</strong></span> <span class='ocrx_word' id='word_1_91' title='bbox 913 2054 1003 2114; x_wconf 87' lang='lat' dir='ltr'><strong>intus</strong></span> 
     </span>
     <span class='ocr_line' id='line_1_17' title="bbox 248 2149 1004 2227; baseline 0.003 -18"><span class='ocrx_word' id='word_1_92' title='bbox 248 2149 419 2225; x_wconf 91' lang='lat' dir='ltr'><strong>recreasti,</strong></span> <span class='ocrx_word' id='word_1_93' title='bbox 450 2150 483 2210; x_wconf 94' lang='lat' dir='ltr'><strong>in</strong></span> <span class='ocrx_word' id='word_1_94' title='bbox 512 2168 591 2227; x_wconf 87' lang='lat' dir='ltr'><strong>pace</strong></span> <span class='ocrx_word' id='word_1_95' title='bbox 623 2168 693 2211; x_wconf 89' lang='lat' dir='ltr'><strong>eam</strong></span> <span class='ocrx_word' id='word_1_96' title='bbox 723 2152 771 2212; x_wconf 89' lang='lat' dir='ltr'><strong>ire</strong></span> <span class='ocrx_word' id='word_1_97' title='bbox 799 2151 1004 2212; x_wconf 85' lang='lat' dir='ltr'><strong>confidenter</strong></span> 
     </span>
     <span class='ocr_line' id='line_1_18' title="bbox 248 2247 1085 2352; baseline 0.001 -45"><span class='ocrx_word' id='word_1_98' title='bbox 248 2247 384 2324; x_wconf 91' lang='lat' dir='ltr'><strong>iussisti,</strong></span> <span class='ocrx_word' id='word_1_99' title='bbox 399 2249 438 2308; x_wconf 91' lang='lat' dir='ltr'><strong>ad</strong></span> <span class='ocrx_word' id='word_1_100' title='bbox 452 2250 627 2326; x_wconf 88' lang='lat' dir='ltr'><strong>praeterita</strong></span> <span class='ocrx_word' id='word_1_101' title='bbox 641 2266 706 2310; x_wconf 94' lang='lat' dir='ltr'><strong>non</strong></span> <span class='ocrx_word' id='word_1_102' title='bbox 718 2249 825 2311; x_wconf 90' lang='lat' dir='ltr'><strong>redire</strong></span> <span class='ocrx_word' id='word_1_103' title='bbox 835 2248 1004 2324; x_wconf 87' lang='lat' dir='ltr'><strong>monuisti,</strong></span> <span class='ocrx_word' id='word_1_104' title='bbox 1084 2261 1085 2352; x_wconf 49' lang='lat' dir='ltr'><strong>l</strong></span> 
     </span>
     <span class='ocr_line' id='line_1_19' title="bbox 247 2346 1085 2412; baseline 0.008 -7"><span class='ocrx_word' id='word_1_105' title='bbox 247 2346 305 2406; x_wconf 93' lang='lat' dir='ltr'><strong>sed</strong></span> <span class='ocrx_word' id='word_1_106' title='bbox 336 2346 370 2405; x_wconf 93' lang='lat' dir='ltr'><strong>in</strong></span> <span class='ocrx_word' id='word_1_107' title='bbox 401 2357 513 2408; x_wconf 88' lang='lat' dir='ltr'><strong>sancta</strong></span> <span class='ocrx_word' id='word_1_108' title='bbox 542 2348 791 2409; x_wconf 91' lang='lat' dir='ltr'><strong>conversatione</strong></span> <span class='ocrx_word' id='word_1_109' title='bbox 826 2357 859 2408; x_wconf 89' lang='lat' dir='ltr'><strong>et</strong></span> <span class='ocrx_word' id='word_1_110' title='bbox 888 2347 1004 2408; x_wconf 89' lang='lat' dir='ltr'><strong>intima</strong></span> <span class='ocrx_word' id='word_1_111' title='bbox 1084 2355 1085 2412; x_wconf 87' lang='lat' dir='ltr'><strong>l</strong></span> 
     </span>
     <span class='ocr_line' id='line_1_20' title="bbox 210 2439 1085 2522; baseline -0.002 -14"><span class='ocrx_word' id='word_1_112' title='bbox 210 2445 421 2508; x_wconf 79' lang='lat' dir='ltr'><strong>audevotione</strong></span> <span class='ocrx_word' id='word_1_113' title='bbox 432 2462 624 2522; x_wconf 91' lang='lat' dir='ltr'><strong>permanere</strong></span> <span class='ocrx_word' id='word_1_114' title='bbox 636 2446 785 2506; x_wconf 87' lang='lat' dir='ltr'><strong>docuisti.</strong></span> <span class='ocrx_word' id='word_1_115' title='bbox 815 2446 1002 2522; x_wconf 89' lang='lat' dir='ltr'><strong>Numquam</strong></span> <span class='ocrx_word' id='word_1_116' title='bbox 1084 2439 1085 2476; x_wconf 76' lang='lat'>³</span> 
     </span>
     <span class='ocr_line' id='line_1_21' title="bbox 248 2543 1085 2642; baseline 0.001 -40"><span class='ocrx_word' id='word_1_117' title='bbox 248 2543 365 2603; x_wconf 89' lang='lat' dir='ltr'><strong>durum</strong></span> <span class='ocrx_word' id='word_1_118' title='bbox 381 2544 517 2604; x_wconf 92' lang='lat' dir='ltr'><strong>verbum</strong></span> <span class='ocrx_word' id='word_1_119' title='bbox 534 2545 564 2604; x_wconf 90' lang='lat' dir='ltr'><strong>ei</strong></span> <span class='ocrx_word' id='word_1_120' title='bbox 580 2545 709 2605; x_wconf 88' lang='lat' dir='ltr'><strong>locutus</strong></span> <span class='ocrx_word' id='word_1_121' title='bbox 725 2543 815 2604; x_wconf 85' lang='lat' dir='ltr'><strong>fuisti</strong></span> <span class='ocrx_word' id='word_1_122' title='bbox 831 2560 892 2603; x_wconf 91' lang='lat' dir='ltr'><strong>nec</strong></span> <span class='ocrx_word' id='word_1_123' title='bbox 909 2543 1004 2603; x_wconf 91' lang='lat' dir='ltr'><strong>mini·</strong></span> <span class='ocrx_word' id='word_1_124' title='bbox 1084 2599 1085 2642; x_wconf 26' lang='grc' dir='ltr'>ἢ</span> 
     </span>
     <span class='ocr_line' id='line_1_22' title="bbox 249 2641 1003 2719; baseline -0.001 -18"><span class='ocrx_word' id='word_1_125' title='bbox 249 2659 337 2702; x_wconf 92' lang='lat' dir='ltr'><strong>murn</strong></span> <span class='ocrx_word' id='word_1_126' title='bbox 359 2643 491 2719; x_wconf 91' lang='lat' dir='ltr'><strong>quidem</strong></span> <span class='ocrx_word' id='word_1_127' title='bbox 514 2652 682 2719; x_wconf 87' lang='lat' dir='ltr'><strong>peccatum</strong></span> <span class='ocrx_word' id='word_1_128' title='bbox 712 2642 818 2702; x_wconf 91' lang='lat' dir='ltr'><strong>eidem</strong></span> <span class='ocrx_word' id='word_1_129' title='bbox 840 2641 1003 2717; x_wconf 92' lang='lat' dir='ltr'><strong>imprope-</strong></span> 
     </span>
     <span class='ocr_line' id='line_1_23' title="bbox 249 2739 1004 2818; baseline 0 -20"><span class='ocrx_word' id='word_1_130' title='bbox 249 2740 326 2799; x_wconf 91' lang='lat' dir='ltr'><strong>rasti</strong></span> <span class='ocrx_word' id='word_1_131' title='bbox 349 2757 410 2800; x_wconf 92' lang='lat' dir='ltr'><strong>nec</strong></span> <span class='ocrx_word' id='word_1_132' title='bbox 433 2741 540 2816; x_wconf 90' lang='lat' dir='ltr'><strong>alicui,</strong></span> <span class='ocrx_word' id='word_1_133' title='bbox 562 2740 640 2818; x_wconf 92' lang='lat' dir='ltr'><strong>quid</strong></span> <span class='ocrx_word' id='word_1_134' title='bbox 663 2739 882 2814; x_wconf 89' lang='lat' dir='ltr'><strong>commiserit,</strong></span> <span class='ocrx_word' id='word_1_135' title='bbox 912 2755 1004 2798; x_wconf 88' lang='lat' dir='ltr'><strong>reve·</strong></span> 
     </span>
     <span class='ocr_line' id='line_1_24' title="bbox 249 2835 1085 2920; baseline 0 -25"><span class='ocrx_word' id='word_1_136' title='bbox 249 2838 332 2913; x_wconf 88' lang='lat' dir='ltr'><strong>lasti,</strong></span> <span class='ocrx_word' id='word_1_137' title='bbox 354 2838 412 2898; x_wconf 93' lang='lat' dir='ltr'><strong>sed</strong></span> <span class='ocrx_word' id='word_1_138' title='bbox 434 2839 542 2915; x_wconf 91' lang='lat' dir='ltr'><strong>potius</strong></span> <span class='ocrx_word' id='word_1_139' title='bbox 564 2838 727 2920; x_wconf 89' lang='lat' dir='ltr'><strong>excusasti</strong></span> <span class='ocrx_word' id='word_1_140' title='bbox 750 2848 782 2897; x_wconf 90' lang='lat' dir='ltr'><strong>et</strong></span> <span class='ocrx_word' id='word_1_141' title='bbox 803 2837 898 2912; x_wconf 88' lang='lat' dir='ltr'><strong>bona,</strong></span> <span class='ocrx_word' id='word_1_142' title='bbox 919 2853 1003 2913; x_wconf 91' lang='lat' dir='ltr'><strong>quae</strong></span> <span class='ocrx_word' id='word_1_143' title='bbox 1084 2835 1085 2838; x_wconf 73' lang='grc'>’</span> 
     </span>
     <span class='ocr_line' id='line_1_25' title="bbox 212 2933 1005 3012; baseline -0.006 -14"><span class='ocrx_word' id='word_1_144' title='bbox 212 2935 327 3012; x_wconf 79' lang='lat' dir='ltr'><strong>asegit,</strong></span> <span class='ocrx_word' id='word_1_145' title='bbox 350 2936 389 2996; x_wconf 93' lang='lat' dir='ltr'><strong>ad</strong></span> <span class='ocrx_word' id='word_1_146' title='bbox 411 2935 596 3012; x_wconf 86' lang='lat' dir='ltr'><strong>exemplum</strong></span> <span class='ocrx_word' id='word_1_147' title='bbox 620 2943 751 2994; x_wconf 88' lang='lat' dir='ltr'><strong>sanctae</strong></span> <span class='ocrx_word' id='word_1_148' title='bbox 780 2933 866 2995; x_wconf 91' lang='lat' dir='ltr'><strong>vitae</strong></span> <span class='ocrx_word' id='word_1_149' title='bbox 895 2944 1005 3010; x_wconf 93' lang='lat' dir='ltr'><strong>protu-</strong></span> 
     </span>
     <span class='ocr_line' id='line_1_26' title="bbox 249 3031 1005 3108; baseline -0.003 -16"><span class='ocrx_word' id='word_1_150' title='bbox 249 3033 324 3093; x_wconf 89' lang='lat' dir='ltr'><strong>listi.</strong></span> <span class='ocrx_word' id='word_1_151' title='bbox 361 3033 397 3092; x_wconf 94' lang='lat' dir='ltr'><strong>ln</strong></span> <span class='ocrx_word' id='word_1_152' title='bbox 420 3034 516 3094; x_wconf 92' lang='lat' dir='ltr'><strong>domo</strong></span> <span class='ocrx_word' id='word_1_153' title='bbox 539 3032 683 3093; x_wconf 89' lang='lat' dir='ltr'><strong>Simonis</strong></span> <span class='ocrx_word' id='word_1_154' title='bbox 705 3032 826 3108; x_wconf 88' lang='lat' dir='ltr'><strong>leprosi</strong></span> <span class='ocrx_word' id='word_1_155' title='bbox 849 3031 1005 3092; x_wconf 89' lang='lat' dir='ltr'><strong>invitatus</strong></span> 
     </span>
     <span class='ocr_line' id='line_1_27' title="bbox 250 3129 1004 3207; baseline -0.001 -19"><span class='ocrx_word' id='word_1_156' title='bbox 250 3129 374 3189; x_wconf 77' lang='lat' dir='ltr'><strong>lilariae</strong></span> <span class='ocrx_word' id='word_1_157' title='bbox 385 3129 528 3190; x_wconf 88' lang='lat' dir='ltr'><strong>lacrimis</strong></span> <span class='ocrx_word' id='word_1_158' title='bbox 538 3130 643 3207; x_wconf 90' lang='lat' dir='ltr'><strong>magis</strong></span> <span class='ocrx_word' id='word_1_159' title='bbox 654 3147 691 3190; x_wconf 91' lang='lat' dir='ltr'><strong>es</strong></span> <span class='ocrx_word' id='word_1_160' title='bbox 701 3129 891 3203; x_wconf 87' lang='lat' dir='ltr'><strong>delectatus,</strong></span> <span class='ocrx_word' id='word_1_161' title='bbox 906 3145 1004 3204; x_wconf 91' lang='lat' dir='ltr'><strong>quam</strong></span> 
     </span>
     <span class='ocr_line' id='line_1_28' title="bbox 249 3226 1085 3303; baseline -0.001 -17"><span class='ocrx_word' id='word_1_162' title='bbox 249 3227 411 3303; x_wconf 90' lang='lat' dir='ltr'><strong>pharisaei</strong></span> <span class='ocrx_word' id='word_1_163' title='bbox 449 3227 583 3287; x_wconf 84' lang='lat' dir='ltr'><strong>lerculis</strong></span> <span class='ocrx_word' id='word_1_164' title='bbox 619 3236 793 3288; x_wconf 89' lang='lat' dir='ltr'><strong>saturatus.</strong></span> <span class='ocrx_word' id='word_1_165' title='bbox 849 3226 936 3288; x_wconf 90' lang='lat' dir='ltr'><strong>Cum</strong></span> <span class='ocrx_word' id='word_1_166' title='bbox 971 3234 1005 3286; x_wconf 84' lang='lat' dir='ltr'><strong>te</strong></span> <span class='ocrx_word' id='word_1_167' title='bbox 1084 3283 1085 3302; x_wconf 52' lang='grc'>,</span> 
     </span>
     <span class='ocr_line' id='line_1_29' title="bbox 249 3305 1085 3402; baseline -0.004 -17"><span class='ocrx_word' id='word_1_168' title='bbox 249 3334 413 3401; x_wconf 92' lang='lat' dir='ltr'><strong>tangeret,</strong></span> <span class='ocrx_word' id='word_1_169' title='bbox 448 3341 514 3386; x_wconf 93' lang='lat' dir='ltr'><strong>non</strong></span> <span class='ocrx_word' id='word_1_170' title='bbox 550 3342 587 3386; x_wconf 91' lang='lat' dir='ltr'><strong>es</strong></span> <span class='ocrx_word' id='word_1_171' title='bbox 621 3324 825 3402; x_wconf 91' lang='lat' dir='ltr'><strong>indignatus,</strong></span> <span class='ocrx_word' id='word_1_172' title='bbox 861 3341 935 3384; x_wconf 92' lang='lat' dir='ltr'><strong>cum</strong></span> <span class='ocrx_word' id='word_1_173' title='bbox 971 3333 1006 3382; x_wconf 91' lang='lat' dir='ltr'><strong>te</strong></span> <span class='ocrx_word' id='word_1_174' title='bbox 1084 3305 1085 3356; x_wconf 55' lang='lat'>¹</span> 
     </span>
     <span class='ocr_line' id='line_1_30' title="bbox 213 3422 1007 3500; baseline -0.01 -12"><span class='ocrx_word' id='word_1_175' title='bbox 213 3433 396 3499; x_wconf 77' lang='lat' dir='ltr'><strong>soungeret,</strong></span> <span class='ocrx_word' id='word_1_176' title='bbox 418 3440 482 3483; x_wconf 93' lang='lat' dir='ltr'><strong>non</strong></span> <span class='ocrx_word' id='word_1_177' title='bbox 505 3440 542 3483; x_wconf 90' lang='lat' dir='ltr'><strong>es</strong></span> <span class='ocrx_word' id='word_1_178' title='bbox 557 3432 761 3500; x_wconf 87' lang='lat' dir='ltr'><strong>aspernatus.</strong></span> <span class='ocrx_word' id='word_1_179' title='bbox 792 3422 898 3482; x_wconf 88' lang='lat' dir='ltr'><strong>Pedes</strong></span> <span class='ocrx_word' id='word_1_180' title='bbox 913 3437 1007 3497; x_wconf 91' lang='lat' dir='ltr'><strong>prae·</strong></span> 
     </span>
    </p>
   </div>
   <div class='ocr_carea' id='block_1_2' title="bbox 248 3519 1006 3666">
    <p class='ocr_par' dir='ltr' id='par_1_2' title="bbox 248 3519 1006 3666">
     <span class='ocr_line' id='line_1_31' title="bbox 248 3519 1006 3594; baseline 0.003 -18"><span class='ocrx_word' id='word_1_181' title='bbox 248 3519 359 3591; x_wconf 87' lang='lat' dir='ltr'><strong>buisti,</strong></span> <span class='ocrx_word' id='word_1_182' title='bbox 380 3527 475 3594; x_wconf 89' lang='lat' dir='ltr'><strong>caput</strong></span> <span class='ocrx_word' id='word_1_183' title='bbox 490 3520 664 3594; x_wconf 90' lang='lat' dir='ltr'><strong>inclinasti,</strong></span> <span class='ocrx_word' id='word_1_184' title='bbox 687 3522 836 3580; x_wconf 90' lang='lat' dir='ltr'><strong>osculum</strong></span> <span class='ocrx_word' id='word_1_185' title='bbox 859 3535 924 3579; x_wconf 93' lang='lat' dir='ltr'><strong>non</strong></span> <span class='ocrx_word' id='word_1_186' title='bbox 948 3535 1006 3578; x_wconf 92' lang='lat' dir='ltr'><strong>ne·</strong></span> 
     </span>
     <span class='ocr_line' id='line_1_32' title="bbox 608 3626 648 3666; baseline -0.025 0"><span class='ocrx_word' id='word_1_187' title='bbox 608 3626 648 3666; x_wconf 75' lang='lat'><strong>244</strong></span> 
     </span>
    </p>
   </div>
   <div class='ocr_carea' id='block_1_3' title="bbox 0 0 1112 4180">
    <p class='ocr_par' dir='ltr' id='par_1_3' title="bbox 0 0 1112 4180">
     <span class='ocr_line' id='line_1_33' title="bbox 0 0 1112 4180; baseline 0 0"><span class='ocrx_word' id='word_1_188' title='bbox 0 0 1112 4180; x_wconf 95' lang='lat' dir='ltr'><strong> </strong></span> 
     </span>
    </p>
   </div>
  </div>
 </body>
</html>
