2152 4174
85 427 826 539 Qfflosfflffi

242 679 514 757 [CAPITVLVM
538 679 667 756 XXVI.]

75 830 118 889 De
147 827 329 906 magnificis
356 829 528 889 virtutibus
556 830 670 889 beatae
698 826 830 902 virginis

180 950 213 1005 et
233 945 273 1004 de
293 945 402 1004 dolore
423 961 462 1005 oc
484 944 624 1004 lacrimis
645 943 723 1003 eius.

74 1055 333 1275 &medico
349 1114 443 1173 leudo
455 1123 487 1173 et
501 1112 647 1189 glorilico
662 1121 704 1186 te,
720 1120 831 1173 sancta

202 1211 264 1271 Dei
279 1211 437 1287 genetrix,
452 1211 543 1288 virgo
559 1210 674 1285 Maria,
688 1226 747 1286 pro
763 1226 853 1269 σπι-5

72 1308 171 1367 nibus
193 1307 290 1367 bonis
312 1318 344 1368 et
365 1308 460 1368 donis
482 1326 500 1368 a
522 1309 593 1368 Deo
615 1308 671 1368 tibi
698 1307 830 1384 copiose

71 1405 211 1479 collatis,
233 1422 292 1480 pro
313 1405 496 1465 innumeris
515 1405 690 1466 virtutibus
711 1405 777 1466 tuis
799 1414 831 1465 et

72 1503 225 1563 maximis
240 1503 414 1580 gratiarum
429 1503 620 1580 privilegiis,
642 1504 761 1580 quibus
783 1503 830 1563 in-

72 1601 263 1678 signissime
278 1617 355 1677 prae
370 1602 522 1662 omnibus
542 1601 664 1662 sanctis
686 1601 829 1661 claruisti

73 1697 105 1756 in
117 1697 227 1773 terris,
245 1707 280 1757 ut
295 1708 399 1758 mater
410 1699 471 1759 Dei
484 1698 553 1759 fieri
566 1699 662 1776 digna
671 1699 830 1760 existeres
842 1715 867 1756 ιο

74 1806 106 1855 et
126 1796 265 1856 verbum
282 1796 343 1856 Dei
367 1806 460 1856 exte
482 1797 683 1857 incarnatum
705 1797 830 1873 gremio

9 1885 11 1906 ⁸
74 1893 207 1954 foveres
218 1894 362 1954 etbeatis
372 1894 533 1954 bracchiis
545 1896 682 1970 levares,
693 1895 830 1955 circum·

74 1992 171 2053 dares
193 2000 290 2068 atque
312 2001 468 2066 portares

114 2089 284 2172 Benedico
320 2098 352 2149 et
386 2088 482 2148 laudo
514 2098 546 2149 et
577 2089 757 2149 honorifico
787 2100 830 2166 te,

73 2189 178 2248 electa
201 2197 304 2247 mater
326 2185 387 2245 Dei
410 2195 443 2245 et
463 2186 597 2247 humilis
620 2187 736 2246 ancilla
758 2187 866 2262 Dei‚ts

72 2303 131 2361 pro
162 2284 315 2345 omnibus
346 2283 511 2344 amatoriis
540 2284 684 2345 servitiis
711 2285 777 2345 tuis
799 2295 830 2346 et

71 2383 274 2444 necessariis
303 2382 575 2443 subventionibus
599 2382 733 2443 Christo
763 2383 830 2442 lilio

72 2492 129 2542 tuo
152 2481 186 2541 in
210 2497 307 2540 carne
329 2480 493 2555 exhibitis,
519 2497 578 2556 pro
599 2479 699 2540 variis
720 2497 830 2556 perse-

73 2579 273 2654 cutionibus
294 2577 452 2654 penuriis,
480 2577 645 2637 laboribus
667 2587 699 2638 et
721 2578 830 2655 latiga-

72 2677 219 2737 tionibus
242 2693 315 2735 cum
338 2693 377 2735 eo
400 2676 580 2735 clementer
601 2676 755 2737 toleratis.
839 2694 867 2736 eo

113 2774 283 2836 Benedico
305 2783 337 2834 et
359 2775 454 2834 laudo
481 2783 578 2850 atque
607 2773 759 2851 dignifico
788 2784 830 2850 te,

74 2872 187 2933 inclita
202 2872 317 2946 Maria,
339 2871 463 2932 aeterni
480 2871 567 2947 regis
582 2882 686 2932 mater
707 2881 739 2931 et
755 2872 830 2947 filia,

73 2988 131 3046 pro
161 2970 227 3030 tuis
259 2969 409 3030 dulcibus
438 2969 611 3045 colloquiis
640 2987 713 3030 curn
743 2970 828 3030 dulci

75 3068 149 3128 Iesu
173 3068 362 3144 frequenter
384 3066 513 3142 habitis,
534 3083 593 3142 pro
615 3065 741 3126 deificis
763 3082 830 3126 ser·
894 3135 898 3145 ι

73 3165 227 3225 monibus
249 3166 288 3225 ab
310 3165 383 3226 eius
405 3181 462 3224 ore
477 3164 643 3240 sapienter
657 3164 776 3224 auditis
798 3173 866 3225 etzs

73 3273 163 3324 casto
195 3264 255 3323 sub
287 3272 419 3339 pectore
450 3262 623 3339 diligenter
653 3261 829 3322 reconditis

73 3353 286 3435 suaviterque¹
295 3359 327 3419 in
339 3360 436 3420 corde
448 3359 628 3434 ruminatiS,
639 3376 697 3435 pro
708 3359 830 3436 magni·

75 3457 145 3516 ficis
176 3457 454 3517 consolationibus
485 3457 523 3517 ab
560 3473 599 3518 eo
631 3456 827 3518 creberrime

75 3555 247 3630 perceptis,
269 3572 327 3630 pro
350 3555 530 3615 excessivis
547 3555 673 3631 gaudiis
695 3562 727 3614 et
749 3555 829 3614 divi-

432 3659 469 3702 1⁵7
