2152 4174
256 403 1006 516 Qffffimaffl

249 594 424 656 defunctus
446 604 478 655 et
499 593 532 655 in
555 593 643 654 omni
666 609 728 653 usu
744 607 852 652 rerum
868 608 1009 668 pauper-

248 702 347 753 tatem
370 703 501 768 semper
522 690 683 767 amplecti.
721 689 751 751 0
773 707 870 766 quam
892 706 1008 750 veram

249 798 281 849 et
292 807 426 850 suavem
438 788 695 849 consolationem
711 787 744 847 in
758 803 817 847 sua
827 787 1008 847 afflictione

249 887 423 964 religiosus
445 886 611 946 desolatus
627 884 757 961 reperit,
778 883 833 960 qui
856 883 1008 943 acutissi-

226 1002 334 1046 smam
380 985 454 1044 Iesu
492 983 735 1043 coronationem
784 980 1007 1041 maestissimo

249 1083 347 1143 corde
383 1081 515 1157 saepius
551 1080 716 1141 ruminare
751 1096 817 1139 non
852 1079 1007 1156 neglegit.

250 1180 413 1258 Quotiens
443 1195 520 1255 ergo
549 1177 713 1237 anxiatum
744 1187 776 1238 te
805 1176 927 1252 sentis,
958 1193 1007 1236 re·

248 1278 424 1339 miniscere
446 1273 592 1336 omnium
616 1275 782 1352 spinarum
806 1275 896 1348 Iesu,
924 1291 1007 1351 quas

248 1375 394 1450 pertulit,
416 1383 448 1434 et
471 1373 558 1434 feres
580 1373 708 1450 mitius,
730 1373 827 1433 etiam
850 1371 877 1431 si
902 1371 1007 1432 fueris

215 1496 239 1537 ro
248 1474 288 1534 ab
315 1473 389 1533 aliis
418 1481 645 1549 exasperatus,
676 1480 730 1531 aut
758 1470 860 1531 nimio
889 1470 1007 1546 capitis

249 1571 361 1631 dolore
381 1569 534 1645 afflictus,
556 1587 632 1646 seu,
661 1570 747 1646 quod
777 1568 911 1645 gravius
939 1568 1007 1644 ple·

249 1685 386 1745 rumque
415 1677 482 1742 est,
511 1667 747 1728 detractionum
776 1665 881 1742 spinis
905 1665 1007 1725 variis

248 1766 418 1826 laceratus.
462 1764 602 1824 Prorsus
625 1764 754 1825 lelicius
784 1772 833 1823 est
862 1779 937 1822 cum
961 1762 1007 1822 al-

248 1863 335 1923 llicto
350 1863 424 1922 Iesu
439 1879 527 1922 nunc
542 1861 653 1939 afiligi,
668 1879 742 1922 cum
758 1869 913 1922 coronato
930 1860 1006 1920 Iesu

215 1977 239 2018 ιε
248 1959 395 2035 spineam
427 1973 557 2034 quoque
587 1957 673 2019 lerre
702 1975 855 2019 coronam
885 1959 1007 2018 multas

248 2056 399 2133 patiendo
417 2055 493 2115 lrinc
509 2054 585 2115 inde
599 2055 803 2132 gravedines,
825 2073 922 2133 quam
946 2071 1006 2132 pro

248 2154 340 2214 libitu
369 2153 510 2213 vivendo
538 2154 738 2229 gehennales
768 2163 881 2230 postea
912 2155 1006 2214 luere

248 2269 371 2329 poenas
393 2261 434 2326 et,
456 2251 543 2327 quod
565 2251 653 2311 omni
671 2260 833 2312 tormento
853 2252 1006 2312 acerbius

248 2359 298 2409 est
320 2347 490 2423 damnatis
514 2365 532 2406 a
554 2347 793 2409 iucundissima
814 2348 897 2409 facie
919 2350 1007 2409 salu·

211 2446 327 2511 aotaris
359 2446 433 2506 Iesu
465 2445 677 2522 omniumque
712 2446 879 2507 beatorum
916 2447 1006 2507 dulci

249 2544 413 2604 consortio
436 2542 643 2603 aeternaliter
656 2543 759 2620 proici
777 2561 814 2604 ac
830 2545 1007 2621 segregari.

249 2642 279 2704 Ο
301 2658 397 2719 quam
427 2640 541 2700 lrilaris
570 2649 601 2700 et
628 2640 810 2718 intrepidus
831 2651 906 2702 ante
929 2660 1008 2703 con-

248 2748 396 2816 spectum
425 2737 549 2797 aeterni
578 2738 665 2815 regis
692 2739 726 2799 in
756 2749 902 2800 extremo
931 2742 1007 2808 hor·¹

249 2837 416 2913 tendoque
438 2834 559 2895 iudicio
580 2836 710 2912 astabit,
732 2837 787 2914 qui
809 2838 907 2898 modo
929 2854 1008 2898 con·

212 2960 240 3001 25
250 2933 390 2994 lusionis
405 2931 477 2992 eius
492 2932 700 3008 opprobrium
714 2949 920 3011 poenamque
936 2952 1008 2995 cor-

248 3030 370 3108 poralis
391 3029 554 3106 passionis
576 3046 641 3090 non
668 3030 832 3091 erubescit
854 3031 1007 3093 sufferre.

249 3127 279 3189 Ο
291 3143 387 3205 quam
401 3135 491 3203 grata
505 3135 537 3186 et
549 3127 619 3187 Deo
631 3144 706 3187 cara
717 3137 803 3189 extat
818 3128 873 3188 illa
887 3130 1008 3206 anima,

249 3235 281 3286 et
289 3242 385 3303 quam
396 3224 564 3285 fructifera
574 3225 735 3287 sentietur
744 3226 817 3287 eius
827 3227 1007 3304 meditatio,

249 3341 332 3400 quae
354 3322 562 3401 passionibus
586 3322 660 3382 Iesu
682 3323 797 3384 intime
816 3325 1007 3401 conteritur,

212 3420 442 3484 sovulneribus
472 3421 668 3480 cordetenus
698 3421 863 3481 sauciatur
898 3431 930 3482 et
967 3422 1006 3482 de

249 3518 322 3578 eius
343 3527 447 3578 morte
469 3535 619 3578 amorosa
639 3535 721 3578 nece
743 3519 967 3580 commoritur.

611 3623 649 3665 roo
