2144 4168
536 448 700 501 Epllegomena.

243 598 313 670 „De
335 597 576 658 resurrectione
596 597 760 658 orationes
779 596 813 658 in
829 597 910 657 duas
925 613 1004 672 par-

242 688 293 738 tes
308 681 425 739 secte.“
450 679 522 739 Hoc
543 678 767 738 testimonium
783 677 847 738 lide
862 677 1001 754 (lignum

243 776 318 819 esse
337 767 433 836 patet.
465 759 548 820 Nam
565 776 638 819 cum
657 757 690 819 in
705 758 781 834 illis,
802 775 886 836 quae
904 757 1005 830 „titu-

243 840 292 899 los
321 839 477 899 librorum
500 848 532 899 et
560 843 772 900 tractatuum“
796 838 1005 915 praecedunt

245 919 383 997 „Aliqua
397 918 551 980 notabilia
566 920 606 979 de
622 920 871 979 conversatione
888 918 1002 978 fratris

242 1001 354 1060 thome
371 999 529 1076 kempis“,
550 1000 652 1060 multo
670 1001 763 1076 plura
778 1017 814 1060 se
830 999 1001 1059 audivisse

243 1080 391 1140 adfirmet
406 1098 424 1140 a
439 1080 592 1140 iratribus
614 1080 703 1140 illius
725 1089 919 1155 conventus,
943 1079 1000 1155 qui

244 1161 420 1221 etiamtunc
440 1160 599 1236 viverent,
621 1177 705 1237 quae
719 1160 773 1220 vix
788 1160 1001 1220 millesimam

243 1251 367 1318 partem
390 1241 608 1301 enarravisset
636 1240 826 1317 scribendo,
855 1239 1002 1301 Thomas

244 1332 352 1382 autem
382 1321 415 1381 in
437 1331 548 1381 monte
577 1339 603 1382 s,
626 1320 762 1398 Agnetis
784 1331 936 1381 mortuus
960 1321 1002 1380 sit

244 1419 271 1463 a.
301 1402 330 1463 d.
352 1402 440 1462 VIII.
470 1402 541 1461 Kal.
573 1401 655 1479 Aug.
684 1401 759 1461 anni
795 1404 887 1477 1471,
919 1401 1001 1478 quin

245 1492 357 1542 auctor
392 1483 465 1543 cum
502 1482 688 1557 monachis,
723 1481 779 1560 qui
815 1498 889 1541 cum
927 1481 1001 1558 lpso

244 1561 369 1623 Thoma
392 1563 556 1638 vixerant,
585 1562 706 1622 ibidem
736 1563 917 1622 collocutus
949 1561 1001 1637 sit,

244 1643 383 1703 dubitari
412 1660 477 1703 non
507 1651 623 1719 potest.
666 1643 767 1719 quue
794 1642 886 1702 illum
910 1651 1001 1701 recte

244 1723 415 1784 adfirmare
436 1724 591 1799 probatur
612 1723 737 1799 ordine,
766 1739 831 1799 quo
853 1720 1000 1782 Thomae

245 1803 403 1881 opuscula
417 1805 456 1863 ab
472 1821 511 1863 eo
527 1812 709 1880 ponuntur;
730 1803 817 1862 idem
833 1803 922 1862 enim
940 1812 1000 1876 est,

244 1901 342 1961 quem
358 1882 500 1944 Thomas
521 1883 555 1943 iu
577 1884 775 1960 autographo
791 1883 847 1943 illo
862 1883 1000 1943 Bruxel-

245 1965 328 2024 lensi
350 1964 398 2039 (nt
419 1966 631 2041 5855—5861)
658 1972 792 2024 secutus
820 1973 880 2024 est.
924 1963 1000 2039 Qua

245 2045 279 2105 in
308 2061 343 2104 re
372 2044 533 2121 imprimIs
561 2053 742 2105 memoratu
774 2044 906 2120 dignum
940 2053 1000 2117 est,

246 2125 333 2202 quod
354 2124 388 2185 in
410 2134 550 2202 utroque
574 2125 769 2185 documento
791 2133 927 2201 quartus
950 2124 999 2183 De

247 2205 427 2265 imitatione
450 2205 532 2265 liber
553 2214 627 2265 ante
643 2223 729 2280 eum,
750 2205 805 2281 qui
821 2204 919 2281 vulgo
936 2213 1000 2264 ter·

247 2286 313 2346 tius
343 2295 412 2361 est,
447 2295 667 2346 enumeratur.
720 2285 814 2362 Quae
849 2302 924 2344 cum
957 2285 1000 2344 ita

247 2366 331 2442 sint,
367 2366 407 2426 de
438 2366 538 2427 huius
568 2365 747 2426 testimonii
779 2381 887 2441 neque
918 2364 1000 2425 inte-

246 2447 361 2523 gritate
393 2462 500 2523 neque
532 2446 595 2506 lide
626 2447 693 2506 ullo
724 2446 820 2505 modo
851 2445 1000 2505 dubitare

248 2527 333 2587 licet.

308 2623 457 2683 Alterum
493 2621 645 2699 supparis
680 2622 880 2683 auctoritatis
910 2621 1000 2682 testi-

248 2704 394 2764 monium
426 2702 557 2763 Ioannis
579 2703 754 2763 Maubumi
780 2702 899 2763 mortui
925 2704 1000 2762 1502

248 2785 300 2844 vel
326 2786 402 2843 1503
423 2793 489 2860 est,
517 2782 572 2860 qui
602 2783 634 2842 in
658 2783 770 2844 codice
792 2782 999 2843 Bruxellensi
1053 2795 1054 2820 l

252 2867 348 2924 11816
383 2863 469 2924 inter
503 2863 565 2923 alia
595 2861 738 2924 Thomae
774 2863 895 2940 scripta
929 2864 1000 2924 loco

249 2944 407 3005 vicesimo
443 2944 505 3004 hoc
539 2943 707 3020 proponit:
745 2943 940 3015 „Orationes
969 2952 1001 3003 et

249 3024 477 3085 meditationes
499 3041 599 3100 super
619 3023 695 3100 vita,
723 3024 876 3100 passione
899 3033 931 3084 et
952 3040 1000 3083 re·

249 3104 453 3165 surrectione
476 3104 627 3164 Domini“
644 3109 662 3165 ¹.
705 3104 802 3182 Quod
826 3104 938 3181 quanti
960 3103 1000 3163 sit

250 3185 451 3261 faciendum,
480 3194 515 3245 ut
536 3185 758 3262 Intellegatur‚
782 3186 999 3246 Nlauburnum

250 3281 368 3325 moneo
384 3266 509 3325 socium
526 3265 629 3325 fuisse
644 3265 905 3342 congregationis
915 3265 999 3325 Win-

310 3425 388 3465 ¹Vlde
402 3421 511 3466 Carolum
528 3423 638 3477 Ruelens,
662 3424 704 3466 Les
726 3425 826 3466 dernIers
848 3433 942 3466 travaux
962 3435 1000 3464 aur

249 3477 493 3528 Thomas-a-Kemprs
515 3477 609 3528 (Extralt
632 3479 658 3520 de
683 3479 703 3519 la
726 3478 800 3520 Revue
826 3478 856 3519 La
878 3479 1000 3531 Belgique),

251 3532 377 3582 Bruxelles,
395 3531 446 3572 1859
459 3541 481 3582 p.
496 3531 510 3571 9
525 3540 575 3573 note
592 3533 610 3574 1.

608 3619 649 3660 386
