2152 4174
84 421 829 530 Qunam&

78 610 229 670 damnum
246 609 318 686 ipse
331 610 496 685 resarciet,
511 627 608 669 omne
619 609 831 672 commissum

78 707 114 766 ad
148 717 265 767 nutum
297 716 389 767 tuum
421 707 492 783 ipse
522 707 716 768 benedictus
747 706 831 766 uteri

78 805 244 882 virginalis
276 805 402 864 iructus
433 814 580 865 sacratus
616 804 832 865 libentissime

78 902 272 964 emendabit.
315 903 423 979 Quem
446 911 498 978 tu,
530 904 626 963 Pater
647 902 832 964 misericor·

78 1001 231 1076 dissime,
262 1017 336 1060 cum
365 999 447 1058 mira
475 1000 649 1061 dulcedine
677 1003 855 1064 exaudiess

78 1099 188 1176 utique
218 1115 293 1158 mox
321 1115 380 1173 pro
409 1115 469 1157 sua
496 1098 636 1158 maxima
656 1097 832 1162 dilectione

77 1215 111 1256 ac
142 1195 301 1272 singulari
333 1195 517 1254 reverentia
552 1195 591 1254 ad
623 1212 729 1256 meam
761 1214 832 1272 per·

77 1303 206 1371 petuam
230 1294 367 1353 salutem
390 1293 483 1352 etad
505 1293 685 1353 habendam
703 1311 833 1371 semper

77 1410 167 1469 spem
197 1400 294 1468 atque
323 1391 580 1451 consolationem
611 1391 644 1450 in
668 1393 731 1452 hoc
752 1402 832 1453 tem·

77 1507 153 1566 pore
183 1489 264 1550 mihi
294 1489 406 1548 utilem
436 1499 468 1548 et
491 1489 711 1548 necessariam
735 1490 868 1550 etiamm

77 1597 147 1663 post
168 1595 319 1647 mortem.

116 1685 145 1747 Ο
168 1686 254 1744 bone
283 1700 320 1743 ac
348 1683 401 1759 pie
424 1684 516 1758 Iesu,
545 1683 603 1743 Fili
628 1684 688 1745 Dei
718 1685 832 1761 electe,

78 1784 131 1859 qui
161 1800 202 1843 ex
230 1791 403 1859 praecepto
427 1782 532 1842 Patris
554 1783 600 1842 tui
624 1784 773 1859 dignatus
795 1802 832 1844 es

79 1879 290 1940 substantiam
320 1890 451 1940 nostrae
480 1880 587 1940 carnis
611 1880 684 1940 sine
707 1882 830 1956 peccati

80 1978 147 2038 labe
169 1995 341 2038 assumere
369 1986 401 2038 et
429 1979 565 2039 eandem
593 1979 626 2038 in
649 1997 703 2039 ara
725 1981 868 2041 crucisrs

11 2155 13 2178 .
79 2093 134 2151 pro
156 2076 270 2136 mundi
293 2075 412 2136 offerre
435 2077 554 2152 salute,
576 2076 734 2137 miserere
756 2077 832 2154 mei,

79 2172 163 2232 servi
193 2172 258 2247 tui,
289 2173 418 2233 veniam
446 2173 610 2249 precantis
634 2184 666 2234 et
686 2175 831 2252 gratiam.

80 2269 219 2330 Remitte
251 2269 331 2330 mibi
368 2270 476 2330 omnia
508 2281 640 2346 peccata
674 2289 747 2332 mea
783 2290 831 2332 re·

77 2367 183 2428 centia
204 2376 237 2427 et
256 2367 397 2445 antiqua,
419 2368 562 2428 scienter
576 2378 631 2429 aut
645 2371 832 2446 ignoranter

77 2474 188 2525 contra
216 2473 249 2526 te
278 2465 470 2541 commissa,
498 2477 630 2542 propter
653 2467 868 2529 bonitatemao

76 2573 161 2623 tuam
178 2571 211 2622 et
227 2562 389 2622 inlinitum
404 2563 567 2639 passionis
582 2572 657 2624 tuae
668 2564 830 2624 meritum.

77 2661 246 2722 Excedunt
273 2659 360 2719 enim
391 2660 506 2721 merita
529 2670 585 2720 tua
605 2661 751 2721 omnium
774 2664 830 2722 ho·

75 2757 199 2818 minum
223 2757 359 2832 scelera,
381 2767 413 2818 et
434 2758 536 2817 multo
559 2759 663 2818 maior
684 2769 735 2819 est
756 2770 830 2822 tuae

75 2854 315 2932 propitiationis
326 2855 428 2931 copia,
443 2873 539 2933 quam
556 2857 663 2917 omnis
676 2857 830 2934 iniquitas

76 2970 146 3012 mea
168 2951 465 3030 quotienscumque
492 2962 683 3029 perpetrata.
725 2954 776 3016 Ad
798 2967 867 3016 teas

76 3067 150 3128 ergo
171 3051 234 3110 sub
249 3051 358 3111 crucis
372 3051 574 3127 protectione
590 3052 753 3129 coniugio,
774 3054 829 3114 ubi

76 3149 114 3207 de
136 3147 363 3208 abundantiori
385 3149 610 3210 misericordia
632 3150 775 3227 conlido,
797 3161 830 3211 et

76 3247 112 3306 ad
144 3258 176 3308 te
206 3248 247 3307 de
279 3247 387 3307 cordis
418 3247 482 3307 mei
509 3248 670 3324 profundo
700 3249 828 3324 suspiro

77 3345 188 3405 salutis
200 3361 294 3404 meae
304 3344 499 3421 inquirendo
511 3345 701 3405 remedium.
719 3344 828 3406 Adoro

78 3451 205 3502 sanctae
235 3441 343 3501 crucis
372 3451 446 3502 tuae
474 3442 693 3518 signaculum,
722 3444 867 3504 crucisao

79 3538 199 3599 honoro
232 3539 406 3615 vexillum,
437 3539 545 3599 crucis
574 3541 704 3600 osculor
731 3541 829 3602 vesti·

437 3645 475 3689 119
