2118 4180
217 425 967 533 Qffffisaaaffiffiffi

208 612 283 672 tatis
313 629 420 688 neque
451 622 525 689 post
560 612 843 688 concupiscentias
875 630 968 673 meas

208 709 322 770 vadam
354 709 497 785 peccatis
528 709 783 784 consentiendo,
818 708 876 768 sed
907 727 967 785 pro

208 823 318 867 amore
347 816 402 867 tuo
431 816 463 866 et
484 806 604 868 virtute
626 807 780 868 sectanda
801 806 968 867 laboribus

208 913 241 964 et
256 904 395 965 diversis
410 904 569 980 angustiis
579 904 718 965 viriliter
727 921 780 965 me
795 921 968 980 exponam,

186 1020 250 1064 sne
271 1011 303 1062 te
325 1019 490 1063 summum
512 1001 634 1063 bonum
663 1002 703 1062 ob
726 1001 888 1078 propriam
917 1001 967 1062 in·
1057 1001 1058 1008 ’

208 1100 321 1161 ertiam
353 1101 506 1161 amittam.
557 1099 630 1160 Non
660 1100 739 1160 mihi
769 1100 878 1160 veniat
906 1117 967 1176 pes

208 1196 379 1273 superbiae
411 1197 451 1258 de
486 1197 594 1274 aliquo
629 1198 715 1258 bono
751 1214 869 1273 opere,
904 1215 966 1257 nec

206 1303 478 1371 praesumptuose
516 1312 590 1354 curn
628 1295 724 1356 Petro
760 1295 873 1370 loquar
912 1311 966 1355 me
1057 1321 1058 1336 2

206 1391 314 1468 ipsum
337 1391 433 1451 alicui
453 1391 578 1452 homini
601 1392 815 1468 praeferendo
837 1401 892 1452 aut
914 1409 966 1452 ce·
1057 1379 1058 1390 ¹

173 1489 286 1553 roteris
316 1490 542 1567 coaequando,
573 1489 631 1550 sed
660 1507 733 1550 cum
763 1489 880 1550 timore
909 1499 965 1552 tuo

207 1604 338 1663 semper
352 1604 442 1663 agam
459 1604 563 1647 meam
581 1586 785 1664 lragilitatem
797 1587 967 1650 humiliter

207 1685 423 1761 respiciendo.

248 1782 295 1843 Sit
317 1782 397 1842 milri
420 1783 531 1859 lapsus
553 1781 656 1841 sancti
674 1781 761 1842 Petri
784 1791 815 1842 et
837 1792 965 1859 aposto-

206 1881 311 1940 lorum
335 1879 410 1956 fuga
431 1879 557 1939 cautela
574 1879 708 1955 peccati,
730 1889 763 1939 et
783 1896 850 1939 non
873 1897 966 1940 scan-

172 1993 196 2034 1⁵
206 1976 324 2036 dalum.
354 1976 402 2037 Sit
417 1977 497 2038 milri
518 1994 631 2038 eorum
655 1977 778 2037 reditus
801 1977 839 2036 ad
855 1979 966 2054 paeni·

205 2074 338 2135 tentiam
370 2092 447 2152 spes
477 2093 593 2152 magna
621 2075 659 2135 ad
691 2075 964 2151 reimpetrandam

205 2173 462 2233 misericordiam
474 2182 546 2248 post
562 2172 698 2232 ruinam.
720 2172 794 2232 Non
810 2181 860 2232 est
876 2173 964 2233 enim

205 2270 397 2346 aliquistam
409 2278 552 2344 sanctus,
567 2269 646 2346 quin
664 2269 697 2329 in
714 2268 840 2345 aliquos
856 2269 966 2330 venia·

205 2369 254 2428 les
269 2367 464 2444 quandoque
486 2368 612 2427 labatur
628 2365 786 2427 defectus.
823 2366 965 2444 Quando

168 2466 302 2525 zoetiam
318 2465 484 2541 contingit,
507 2474 541 2524 ut
563 2465 601 2524 ab
617 2464 731 2524 amicis
753 2473 785 2523 et
807 2463 894 2524 notis
916 2481 965 2524 re·
1057 2487 1058 2494 ¹

204 2563 335 2639 linquor
356 2563 537 2637 desolatus,
560 2572 614 2622 aut
635 2562 763 2638 quando
786 2579 804 2620 a
825 2561 964 2621 multum

205 2659 332 2720 dilectis
362 2659 546 2736 vilipendor
576 2669 739 2736 tamquam
773 2657 902 2718 alienus
933 2669 965 2718 et
1056 2657 1057 2674 ¹

204 2757 339 2832 inutilis,
361 2766 437 2817 tunc
460 2757 539 2817 mihi
559 2774 617 2834 pro
639 2755 794 2833 singulari
818 2755 965 2816 remedio
1054 2795 1057 2810 r

204 2855 310 2915 tribue
337 2864 411 2915 tuae
440 2855 652 2931 gravissimae
680 2854 903 2915 derelictionis
933 2863 965 2916 et

168 2971 195 3014 zs
204 2953 395 3014 abiectionis
411 2952 573 3012 recordari
590 2961 621 3012 et
634 2952 721 3013 omni
733 2953 876 3013 humana
889 2969 965 3015 con·

204 3050 362 3111 solatione
385 3050 524 3110 libenter
545 3051 630 3110 velle
650 3049 780 3126 privari,
802 3061 965 3126 quatenus
1055 3061 1056 3068 ’

204 3147 255 3207 vel
278 3147 311 3208 in
332 3147 459 3208 modico
475 3147 540 3207 tuis
557 3147 821 3208 tribulationibus
836 3165 965 3210 merear

205 3245 409 3323 configurari.

245 3343 378 3420 lndulge
394 3343 484 3419 mihi,
502 3343 758 3405 clementissime
776 3344 861 3419 lesu,
877 3345 964 3420 quod

167 3450 236 3504 note
258 3441 389 3518 saepius
411 3439 544 3516 offendi,
566 3449 629 3501 tam
654 3440 792 3500 faciliter
813 3439 852 3499 ad
875 3439 964 3500 vani·
1054 3507 1055 3510 Ἴ

205 3547 287 3600 tates
311 3538 431 3599 defluxi
454 3556 514 3599 nec
538 3556 725 3600 cormeum
748 3537 781 3598 in
803 3552 854 3612 eo,
876 3537 964 3614 quod

570 3643 596 3684 ro
