2118 4180
232 587 400 665 spiritibus
417 589 634 666 tremendum,
655 607 713 665 pro
735 599 790 650 tua
804 589 991 650 humillima

231 685 451 762 inclinatione,
466 686 683 747 descensione
697 697 730 748 et
745 687 990 749 humectatione

231 782 265 841 in
281 783 417 843 Iordane
436 782 652 858 propeccatis
669 782 791 845 nostris
806 784 989 844 abluendis.

272 880 437 941 Benedico
460 890 491 941 et
505 880 651 957 glorifico
666 891 698 942 te
713 899 771 958 pro
786 881 990 943 revelatione

208 977 421 1040 scaelestium
444 987 656 1054 secretorum,
677 996 735 1055 pro
755 995 903 1039 summae
918 978 990 1039 Tri·

231 1074 341 1135 nitatis
362 1075 547 1151 praesentia
567 1076 741 1139 manifeste
762 1087 904 1153 ostensa,
929 1095 989 1154 pro
1051 1125 1052 1162 3

231 1181 382 1232 aeternae
417 1172 502 1233 vitae
540 1172 673 1234 introitu
711 1175 890 1251 patefacto,
929 1192 989 1251 pro

230 1269 315 1330 beati
337 1271 560 1346 praecursoris
581 1271 628 1333 tui
651 1272 805 1332 Iohannis
821 1271 990 1348 Baptistae

230 1367 368 1427 mirilico
388 1368 635 1445 illuminatione,
656 1369 839 1430 humillima
853 1385 991 1445 respon·

197 1464 324 1527 rosione
346 1474 378 1525 et
399 1476 547 1543 prompta
567 1466 640 1528 eius
664 1464 878 1527 oboedientia.

271 1560 300 1622 Ο
333 1562 427 1639 Iesu,
462 1580 519 1623 rex
554 1563 731 1640 altissime,
766 1575 922 1642 quantum
957 1575 989 1626 te

230 1659 328 1719 hodie
356 1677 414 1736 pro
442 1678 495 1721 me
517 1660 677 1723 vilissimo
702 1672 872 1738 peccatore
894 1663 989 1723 incli·
1051 1705 1052 1718 ι

230 1757 331 1833 nasti,
359 1768 479 1834 quanta
506 1759 635 1820 divinae
656 1760 777 1837 gratiae
798 1759 879 1822 mihi
902 1760 1005 1830 dona,

230 1853 326 1913 modo
348 1855 528 1916 declarasti.
559 1857 698 1933 Respice
720 1857 753 1918 in
773 1876 826 1918 me
842 1867 873 1918 et
888 1857 989 1918 mise-

195 1975 220 2017 15
229 1967 302 2010 rere
324 1951 469 2012 omnium
492 1964 698 2029 peccatorum
721 1972 879 2031 meorum,
902 1972 989 2032 quae

228 2048 329 2109 variis
356 2049 462 2110 modis
491 2051 635 2111 contraxi
662 2062 772 2129 aperte
794 2061 826 2112 et
848 2053 988 2114 occulte.

270 2147 350 2207 Peto
376 2165 395 2206 a
415 2157 447 2207 te
468 2148 623 2224 baptizari
645 2149 679 2209 in
701 2149 817 2226 spiritu
839 2159 871 2210 et
893 2149 988 2227 igne,

228 2244 261 2305 in
290 2245 402 2305 multis
430 2246 517 2306 enim
548 2255 636 2306 tuam
667 2247 789 2308 offendi
820 2247 987 2323 pietatem.

228 2342 379 2420 Amplius
405 2344 477 2403 lava
507 2361 560 2404 me
589 2344 628 2404 ab
654 2343 823 2421 iniquitate
852 2362 926 2405 mea
955 2355 988 2405 et

191 2458 246 2506 noa
267 2451 400 2517 peccato
422 2458 495 2501 meo
520 2442 640 2501 munda
661 2458 724 2502 me.
766 2443 873 2503 Nemo
895 2443 987 2504 enim

228 2540 370 2599 mundus
391 2557 410 2598 a
430 2539 544 2614 sorde,
572 2555 634 2599 nec
657 2539 766 2599 infans
788 2537 886 2600 unius
909 2540 987 2616 diei,

228 2652 328 2711 super
355 2646 491 2711 terram,
519 2635 583 2695 nisi
612 2645 646 2696 tu
675 2637 766 2697 solus
788 2638 931 2698 mundus
955 2647 987 2698 et

228 2734 410 2809 mundator,
431 2733 522 2794 solus
548 2743 681 2794 sanctus
703 2744 735 2795 et
757 2733 987 2811 sanctificator,

228 2830 283 2907 qui
295 2840 487 2906 potestatem
505 2832 607 2891 habes
621 2831 810 2892 hominibus
820 2830 986 2893 dimittere

191 2937 360 3004 25peccata
388 2944 500 2987 eorum
529 2929 710 2989 secundum
741 2927 985 2991 multitudinem

228 3021 474 3084 miserationum
496 3034 635 3086 tuarum.

269 3122 427 3197 Obsecro,
449 3122 600 3199 Domine,
621 3124 708 3185 vivat
725 3122 833 3184 anima
848 3141 921 3184 mea
945 3126 986 3186 ob

227 3217 361 3295 gratiam
383 3217 447 3294 tui,
475 3236 537 3280 nec
558 3238 685 3281 memor
707 3220 755 3280 sis
776 3220 985 3298 iniquitatum

228 3332 374 3375 mearum
403 3315 624 3393 antiquarum,
653 3317 711 3377 sed
739 3318 828 3378 velut
856 3318 986 3395 aquilae

192 3431 350 3476 sorenova
370 3412 573 3474 iuventutem
591 3431 707 3475 meam.
744 3414 878 3476 Dimitte
893 3435 986 3493 prae·

229 3510 340 3586 terita,
371 3510 420 3570 fac
443 3528 558 3571 cavere
581 3511 689 3573 lutura
710 3521 741 3574 et
763 3530 880 3573 novam
903 3514 985 3575 mihi
