2152 4174
242 401 989 510 Quarum&

235 597 466 664 contemptum.
503 588 678 662 Erubesce,
699 589 850 666 superbe,
873 590 912 650 de
934 591 994 649 ho·

235 686 386 761 noribuS,
408 686 448 745 de
470 685 544 746 altis
568 685 718 761 sedibus,
747 687 786 746 de
808 687 936 762 pompis
962 695 994 747 et

235 783 358 843 omatis
388 783 535 867 vestibus
565 782 700 843 Christo
731 800 837 859 usque
868 783 907 843 ad
938 801 995 844 ex-

234 892 338 942 trema
366 896 508 957 paupere
537 879 631 939 facto.
679 879 912 940 Scandalosum
942 891 996 941 est

213 979 291 1039 stibi
323 981 485 1039 humanos
515 993 673 1053 quaerere
707 977 836 1037 favores
867 988 898 1036 et
929 986 996 1037 ter-

235 1093 331 1136 renas
346 1076 498 1136 affectare
514 1075 731 1136 iucunditates
744 1075 878 1137 Christo
889 1076 996 1135 omni-

236 1174 331 1234 mode
354 1173 515 1235 contraria
536 1173 751 1250 praelerente.

276 1270 305 1332 Ο
328 1272 603 1332 reverendissime
627 1271 718 1347 Iesu,
747 1271 864 1331 decore
893 1270 996 1330 nimis

236 1380 267 1430 et
298 1379 485 1445 mansuete,
520 1369 626 1429 tribue
657 1368 737 1428 mihi
768 1368 893 1428 infelici
919 1385 996 1444 pec-

202 1467 335 1527 locatori
358 1476 497 1543 optatam
513 1477 588 1527 tuae
603 1465 841 1543 propitiationis
857 1465 995 1542 gratiam

236 1575 268 1626 et
296 1566 377 1626 doce
407 1582 460 1625 me
492 1565 610 1625 vividis
641 1564 800 1640 exemplis
829 1562 894 1623 tuis
923 1581 997 1639 pra-

236 1680 351 1722 vorum
381 1662 596 1723 contumelias
625 1671 657 1723 et
685 1671 828 1722 terrores
852 1679 918 1722 non
941 1679 997 1738 pa-

236 1777 372 1822 vescere
405 1770 501 1837 atque
536 1777 594 1836 pro
630 1759 893 1820 accusationibus
928 1776 996 1819 non

237 1868 325 1920 recte
356 1858 489 1935 prolatis
521 1856 655 1917 minime
690 1857 831 1932 turbari,
867 1857 926 1917 sed
964 1867 997 1919 et

202 1974 226 2014 15
237 1956 376 2017 libenter
397 1973 454 2032 pro
475 1954 668 2032 perpetratis
682 1954 811 2014 veniam
828 1955 997 2029 postulare

235 2053 358 2130 tibique
380 2071 417 2113 ac
439 2052 664 2129 superioribus
683 2052 767 2112 meis
782 2062 848 2112 tota
863 2052 997 2112 humili-

235 2161 299 2211 tate
335 2151 519 2226 substerni,
557 2160 718 2227 quatenus
753 2159 827 2209 tuae
862 2149 996 2225 pietatis

236 2248 320 2309 dona
341 2265 469 2309 merear
489 2248 706 2308 abundantius
729 2247 876 2322 recipere
899 2256 932 2306 et
954 2247 996 2307 de

236 2346 377 2422 receptis
404 2347 524 2423 gratias
552 2346 609 2406 tibi
641 2345 827 2406 devotiores
858 2343 996 2403 referre.

198 2571 225 2611 ω
441 2555 711 2633 [enprrvovn
736 2553 786 2630 x.]

257 2685 494 2756 Contumeliae,
518 2685 683 2744 illusiones
705 2689 737 2743 et
753 2684 977 2759 percussiones
1068 2727 1069 2738 ,

428 2783 544 2857 cupitis
565 2781 696 2842 Domini
717 2782 796 2840 Iesu.

237 2877 482 3098 &medico
505 2942 537 2992 et
551 2933 670 3009 gratias
685 2950 744 3010 ago
760 2933 828 3008 tibi,
852 2933 997 2994 Domine

238 2989 256 3084 e
366 3032 440 3091 Iesu
457 3031 602 3106 Christe,
617 3030 866 3092 honorificentia
881 3042 913 3092 et
927 3033 998 3108 glo-

199 3130 282 3197 25ria
304 3139 501 3205 sanctorum,
523 3146 581 3205 pro
596 3129 789 3206 gravissimo
805 3138 998 3204 contemptu

235 3236 291 3286 tuo
313 3237 345 3286 et
367 3227 673 3296 irreverendissimo
696 3235 842 3302 tractatu,
864 3226 998 3303 quando

236 3335 309 3400 post
337 3326 442 3386 datam
471 3324 586 3385 mortis
615 3325 810 3385 sententiam
840 3325 998 3384 acrude·
1068 3329 1069 3332 ’

236 3422 371 3483 lissimis
407 3421 512 3482 servis
554 3432 618 3482 tam
657 3421 848 3481 indecenter
881 3421 998 3481 multis

236 3520 483 3581 contumeliosis
498 3519 608 3580 verbis
623 3518 760 3579 affectus
778 3534 814 3577 es
829 3525 861 3576 et
876 3517 998 3576 illusus

602 3622 628 3664 rs
