2142 4172
106 459 846 577 &inoff

97 655 257 731 sabbatis,
290 653 512 731 sequebantur
540 661 572 713 te
602 653 727 712 alacres
757 651 854 712 nudis

97 753 237 830 pedibus
265 761 373 812 tecum
397 750 581 812 ieiunantes
610 760 642 811 et
671 749 780 810 esurie
802 767 854 809 co·

96 859 195 928 gente
211 850 377 927 inegerunt
392 848 499 926 spicas
515 848 659 909 modicas
675 846 763 909 licite
778 863 854 907 con·

97 965 220 1009 cessas.
268 948 358 1008 Haec
387 946 528 1024 cogitare
559 945 653 1006 libuit
681 955 713 1005 et
740 953 853 1005 notare

96 1046 270 1123 diligenter
291 1043 371 1105 mibi
392 1044 431 1104 ad
447 1045 599 1105 ruborem
614 1052 647 1103 et
661 1059 876 1118 maerorem,⁵

95 1143 154 1205 tibi
177 1159 273 1218 vero,
303 1142 377 1202 Iesu
399 1143 501 1218 bone,
530 1152 562 1203 et
590 1142 759 1220 discipulis
787 1141 853 1203 tuis

97 1243 137 1303 ad
160 1241 288 1301 laudem
317 1250 350 1300 et
376 1242 544 1301 bonorem.
588 1239 718 1317 Quibus
739 1239 853 1300 Marco

96 1349 182 1401 teste
212 1339 341 1398 locutus
376 1355 413 1398 es
445 1339 603 1399 hortando
635 1337 783 1414 latigatos
814 1337 853 1397 ad

96 1437 241 1514 quietem
270 1437 430 1498 modicam
452 1437 524 1497 viae
553 1437 667 1512 longae
689 1436 799 1496 labore
821 1444 853 1495 et

97 1535 245 1611 corporis
266 1535 395 1595 sudore.
426 1534 513 1612 Quia
532 1534 617 1594 sicut
637 1533 755 1610 gallina
777 1550 852 1594 con·
865 1552 889 1594 io

95 1648 231 1709 gregare
259 1631 342 1691 solet
370 1631 477 1707 pullos
506 1649 585 1691 suos
614 1631 674 1691 sub
698 1630 758 1691 alis
782 1630 852 1690 suis

97 1729 303 1790 confovendo
325 1746 383 1788 eos
398 1739 511 1789 contra
527 1727 639 1806 frigus,
660 1729 797 1789 imbrem
820 1737 852 1788 et

96 1836 224 1888 aestum
254 1838 287 1887 et
308 1845 326 1887 a
347 1826 437 1886 milvi
460 1837 552 1903 raptu
575 1836 606 1887 et
628 1827 719 1887 canis
740 1840 851 1886 morsu

97 1941 157 1985 eos
178 1924 333 2000 tegendo,
357 1923 404 1983 sic
427 1933 460 1984 tu
483 1923 620 2000 pusillos
644 1932 718 1983 tuos
739 1933 772 1984 et
793 1924 852 1983 bu·

96 2021 194 2082 miles
209 2022 306 2082 corde
322 2022 442 2082 mundo
459 2022 631 2098 despectos
642 2021 698 2082 tibi
715 2022 851 2081 dilectos
864 2033 889 2078 15

96 2119 257 2196 collegisti
280 2120 409 2180 dicens:
432 2120 550 2181 Venite
572 2137 721 2180 seorsum
744 2119 777 2178 in
799 2118 853 2179 de·

96 2226 223 2276 sertum
246 2217 371 2291 locum,
400 2217 453 2285 ubi
483 2234 548 2276 non
571 2216 708 2277 videatis
731 2216 852 2276 saeculi

96 2313 258 2374 vanitates
280 2331 341 2374 nec
363 2314 501 2375 audiatis
516 2316 691 2374 clamorem
711 2313 853 2389 aliquem

96 2427 158 2470 vos
180 2410 432 2486 distrahentem,
454 2421 485 2470 et
508 2410 667 2487 quiescite
689 2411 853 2471 modicum

97 2506 209 2567 divina
239 2508 423 2570 meditando
456 2517 488 2568 et
518 2508 627 2568 omnia
657 2526 740 2569 vana
775 2509 890 2568 obli-ao

97 2604 265 2667 viscendo.

140 2703 236 2763 Nunc
267 2721 344 2781 ergo
375 2705 512 2765 obsecro
545 2714 597 2779 te,
632 2704 854 2765 amantissime

99 2801 192 2877 lesu,
222 2802 371 2863 visitator
390 2802 594 2863 infirmorum
617 2813 649 2863 et
670 2804 856 2863 consolator

97 2917 277 2977 pauperum
300 2900 546 2976 peregrinorum
562 2901 602 2961 de
617 2900 756 2977 paradisi
779 2918 854 2977 gau·

97 2998 162 3059 diis
184 2998 412 3076 expulsorum,
434 3008 469 3058 ut
490 3015 543 3058 me
565 2999 662 3060 etiam
684 2998 800 3059 visites
821 2998 891 3058 inas

99 3095 152 3156 die
174 3094 393 3156 tribulationis
422 3104 454 3156 et
475 3095 646 3156 anxietatis
669 3112 762 3156 meae
784 3094 854 3155 sive

98 3194 132 3255 in
164 3194 246 3254 cella
277 3194 446 3255 sedentem
478 3212 551 3255 cum
585 3194 692 3254 taedio
721 3195 792 3255 sive
821 3195 855 3254 in

98 3292 199 3351 choro
222 3300 392 3352 canentem
422 3294 519 3353 corde
541 3291 631 3353 arido
656 3292 781 3353 sivein
804 3309 853 3352 re·

99 3388 235 3450 lectorio
264 3387 406 3450 effusum
435 3406 535 3467 super
563 3389 635 3449 cibo
664 3390 776 3466 sapido
806 3407 855 3451 re·

99 3487 249 3548 ducendo
277 3504 330 3547 me
353 3487 416 3547 cito
445 3487 484 3547 ad
506 3487 661 3548 interiora
683 3505 743 3565 per
764 3504 891 3547 sacraso

98 3584 166 3645 oris
201 3584 248 3644 tui
279 3585 379 3648 verba
413 3583 501 3649 omni
538 3584 696 3665 corporali
731 3584 854 3646 lerculo

459 3687 497 3736 2⁸1
