2118 4180
75 423 806 535 mummii&

70 613 158 691 cipis,
183 623 215 674 et
244 612 316 674 sine
341 629 432 673 mora
460 612 655 689 adimpletur
677 611 813 672 verbum

69 721 159 772 tuum.
187 711 249 772 Dic
271 727 348 788 ergo
366 710 494 770 animae
511 726 620 770 meae:
646 709 815 784 Mundore,

69 820 97 870 et
120 809 334 871 mundabitur.
384 809 445 869 Dic
475 808 604 885 spiritui
636 807 815 883 immundo,

15 949 16 976 2
68 907 115 984 qui
135 925 186 968 me
208 907 341 984 saepius
361 915 512 984 temptat:
540 905 597 966 Exi
620 906 659 965 eb
681 904 814 965 homine

68 1012 141 1063 etue
151 1003 290 1081 amplius
301 1004 445 1065 introeas
460 1003 493 1063 in
504 1020 590 1063 eum.
614 1002 675 1062 Dic
687 1001 838 1066 animaes

67 1117 148 1161 meae
170 1101 309 1162 inomni
327 1101 552 1163 tribulatione:
575 1100 671 1161 Salus
685 1110 740 1161 tua
754 1117 814 1177 ego

15 1215 16 1258 r
67 1216 147 1275 sum,
175 1199 242 1260 noli
271 1199 398 1260 timere.
441 1199 503 1260 Dic
528 1208 653 1259 tantum
680 1198 813 1259 unicum

15 1351 16 1380 ἶ
66 1298 202 1375 verbum,
225 1306 258 1358 et
278 1297 445 1358 sanabitur
466 1296 574 1358 anima
595 1313 677 1357 mea.

239 1505 511 1584 [curtrvuvm
535 1505 633 1583 xxi]

66 1639 106 1700 De
136 1639 288 1716 exemplis
323 1639 477 1716 bonisque
512 1639 652 1699 moribus
681 1639 752 1700 Iesu
784 1643 816 1699 et
826 1667 850 1707 10

125 1739 163 1798 de
184 1736 448 1798 tribulationibus
469 1737 538 1797 eius
560 1736 594 1797 in
616 1737 744 1798 mundo.

67 1831 304 2052 &medico
322 1897 354 1949 et
368 1887 487 1966 gratias
502 1906 561 1966 ugo
576 1887 645 1964 tibi,
672 1888 813 1949 Domine

186 1988 263 2048 Iesu
279 1986 424 2062 Christe,
443 1987 610 2063 exemplar
623 1986 814 2062 sanctitatis,

67 2083 160 2144 iorma
168 2101 310 2160 morum,
325 2083 386 2144 ilos
395 2083 535 2159 virtutis,
547 2083 628 2145 odor
636 2084 733 2161 vitae,
743 2085 814 2144 iaus

66 2181 240 2258 patientiae,
261 2197 320 2258 pro
342 2180 494 2240 omnibus
508 2181 684 2242 virtutibus
698 2181 764 2243 tuis
783 2191 851 2246 etis

67 2279 263 2341 suavissimis
285 2278 446 2354 moribus,
467 2295 525 2356 pro
547 2278 704 2356 singulari
726 2296 815 2339 man·

68 2377 230 2436 suetudine
241 2385 274 2436 et
284 2375 417 2453 optimis
428 2376 588 2454 exemplis
599 2393 707 2436 coram
720 2376 815 2436 disci-

68 2473 143 2546 pulis
165 2474 231 2534 tuis
259 2483 292 2534 et
322 2473 411 2534 omni
440 2474 560 2550 populo
585 2473 685 2533 Israel
709 2474 814 2551 palam

15 2561 16 2580 ³
69 2570 229 2648 exhibitis,
266 2572 386 2649 quibus
416 2572 514 2631 corda
546 2571 744 2648 simplicium
776 2573 815 2632 ad

15 2693 16 2756 3
69 2666 265 2730 dilectionem
287 2679 375 2730 tuam
402 2668 541 2729 dulciter
567 2668 728 2745 invitasti3
756 2670 851 2736 sed20

70 2769 97 2820 et
115 2764 191 2825 dura
210 2776 418 2842 peccatorum
441 2776 573 2843 pectora
594 2783 653 2843 per
679 2765 815 2827 affabili-

70 2866 156 2921 tatem
184 2863 251 2923 oris
279 2864 325 2924 tui
354 2865 394 2924 ad
415 2864 647 2941 paenitentiam
672 2880 815 2924 commo-

72 2955 146 3034 visti,
159 2959 262 3020 doctis
272 2961 369 3022 etiem
380 2962 617 3022 aedificationis
628 2961 814 3038 exemplum

73 3051 201 3118 inomni
224 3067 297 3122 actu
324 3068 380 3119 tuo
405 3068 437 3120 et
459 3059 606 3121 doctrina
627 3060 815 3137 praebuisti.

106 3153 207 3217 Laudo
229 3165 261 3217 et
282 3156 428 3233 glorifico
449 3165 482 3217 te
500 3174 558 3234 pro
580 3158 746 3219 universis
767 3158 851 3227 in·25

73 3254 238 3314 commodis
260 3264 293 3315 et
313 3255 566 3316 necessitatibus
593 3255 640 3317 tui
669 3255 815 3332 corporis

73 3345 100 3407 in
118 3353 234 3413 mundo
256 3353 433 3430 perpessis,
455 3371 536 3432 quos
551 3371 609 3431 pro
624 3353 815 3414 mortalibus

73 3450 247 3511 ventriculis
282 3452 380 3511 homo
415 3452 563 3512 mortalis
602 3449 740 3511 effectus
775 3452 815 3511 ab

74 3541 133 3618 ipso
146 3547 322 3609 nativitatis
341 3557 413 3608 ortu
433 3566 538 3626 usque
557 3550 596 3609 ad
614 3547 721 3608 crucis
736 3549 815 3625 peti·
