2142 4172
86 405 842 528 &Quom

85 606 264 668 iucundius
306 616 413 683 potest
454 607 558 667 audiri
602 624 664 667 nec
713 605 843 666 felicius

84 704 259 781 possideri.

130 804 192 862 Pro
221 821 274 863 me
302 802 400 879 igitur
421 802 596 863 ascendisti
625 802 658 861 in
687 802 750 861 alta
772 817 842 860 cae-

85 901 193 961 lorum
222 918 322 977 super
342 916 458 959 omnes
487 900 619 959 ordines
643 899 843 975 angelorum,

85 997 143 1058 ubi
175 1007 224 1059 est
254 998 408 1059 habitatio
438 999 606 1058 beatorum
639 997 866 1074 regnantiums

85 1095 152 1156 iam
174 1105 282 1156 tecum
298 1096 332 1156 in
347 1096 488 1155 maxima
501 1093 613 1171 gloria,
635 1104 670 1155 ut
686 1104 752 1155 tota
767 1111 844 1171 spes

85 1211 163 1254 mea
183 1211 314 1254 sursum
344 1194 454 1254 tendat
479 1202 512 1253 et
533 1193 572 1253 ad
593 1202 625 1253 te
648 1193 791 1269 suspiret
812 1202 845 1253 et

85 1292 122 1352 in
152 1291 274 1351 inlimis
304 1308 369 1351 non
401 1301 567 1352 remaneat
597 1308 659 1351 nec
690 1289 843 1352 delectari

85 1398 231 1466 quaerat.
261 1389 344 1449 Nam
364 1397 466 1448 totum
482 1406 602 1449 vanum
625 1398 657 1449 et
673 1388 845 1463 lubricum,

85 1496 192 1548 totum
220 1486 381 1562 perditum
404 1496 437 1546 et
460 1486 617 1562 nihilum,
645 1487 731 1564 quod
754 1487 845 1546 Deus
857 1503 882 1546 ro

86 1600 185 1644 meus
206 1600 272 1643 non
290 1593 349 1644 est.
378 1583 494 1644 Totum
511 1585 607 1645 etiam
624 1585 844 1662 spernendum

86 1691 122 1742 et
144 1681 360 1757 abiciendum,
383 1682 540 1759 quidquid
563 1699 581 1742 a
604 1683 674 1743 Deo
697 1700 770 1744 meo
793 1701 845 1744 me

86 1779 225 1840 retrahit
253 1789 286 1839 et
313 1780 430 1840 devote
459 1798 552 1841 orare
579 1791 611 1841 et
633 1783 845 1859 contemplari

87 1877 244 1938 caelestia
266 1877 411 1955 impedit.

131 1977 274 2054 Ideoque
296 1977 432 2037 obsecro
453 1985 496 2053 te,
517 1976 666 2053 piissime
682 1978 768 2054 lesu,
791 1995 846 2038 rex
859 1996 884 2036 rs

87 2083 242 2135 aeternae
264 2075 396 2152 gloriae,
419 2084 585 2135 memento
607 2076 671 2135 mei
694 2076 847 2153 pauperis

87 2173 124 2232 in
154 2188 253 2248 regno
277 2172 381 2232 Patris
410 2173 456 2233 tui
486 2182 518 2234 et
539 2172 631 2233 mitte
657 2190 744 2234 nunc
766 2173 846 2234 mihi

88 2270 131 2330 de
147 2271 237 2330 caelo
250 2269 405 2346 Spiritum
419 2281 567 2332 sanctum
583 2271 773 2348 paraclitum
789 2288 847 2348 pro

89 2384 171 2428 vero
200 2368 322 2428 solacio
350 2386 424 2429 cum
453 2386 539 2430 novo
567 2370 696 2430 fervore
725 2378 757 2429 et
782 2385 848 2428 am·

89 2465 188 2542 pliori
209 2465 378 2542 largitione
394 2467 553 2527 donorum
575 2466 715 2543 Spiritus
735 2465 909 2558 sanctim·

90 2563 211 2624 Amen.

299 2713 571 2791 [CAPITVLVM
594 2715 645 2790 v.]

120 2863 233 2925 Oratio
254 2867 294 2925 de
313 2864 408 2924 donis
429 2863 568 2940 Spiritus
588 2866 694 2926 suncti
714 2871 825 2927 contro

249 2963 390 3023 diversos
412 2963 536 3023 morbos
557 2963 696 3024 animae.

93 3075 284 3310 &lgm
315 3141 408 3216 veni,
443 3150 555 3202 sancte
587 3141 743 3217 Spiritus,
776 3159 888 3202 cumas

234 3238 386 3299 omnibus
414 3239 509 3300 donis
530 3239 596 3300 tuis
625 3250 657 3301 et
685 3241 807 3316 repelle
834 3259 852 3300 a

95 3352 150 3396 me
166 3344 310 3395 satanam
326 3353 400 3396 cum
416 3337 568 3397 omnibus
578 3338 758 3413 phantasiis
773 3338 853 3412 suis,

95 3432 332 3494 distrahentem
361 3451 414 3494 me
436 3434 567 3511 saepius
595 3435 628 3495 in
653 3436 854 3496 orationibus

96 3529 181 3590 meis
203 3538 235 3590 et
257 3530 522 3592 meditationibus
544 3533 680 3593 devotis.

453 3636 495 3679 aaa
