<?xml version="1.0" encoding="UTF-8"?>
<!DOCTYPE html PUBLIC "-//W3C//DTD XHTML 1.0 Transitional//EN"
    "http://www.w3.org/TR/xhtml1/DTD/xhtml1-transitional.dtd">
<html xmlns="http://www.w3.org/1999/xhtml" xml:lang="en" lang="en">
 <head>
  <title>
</title>
<meta http-equiv="Content-Type" content="text/html;charset=utf-8" />
  <meta name='ocr-system' content='tesseract 3.04.00' />
  <meta name='ocr-capabilities' content='ocr_page ocr_carea ocr_par ocr_line ocrx_word'/>
</head>
<body>
  <div class='ocr_page' id='page_1' title='image "./thomaehemerkena02pohlgoog_0146.png"; bbox 0 0 2152 4174; ppageno 0'>
   <div class='ocr_carea' id='block_1_1' title="bbox 91 405 835 514">
    <p class='ocr_par' dir='ltr' id='par_1_1' title="bbox 91 405 835 514">
     <span class='ocr_line' id='line_1_1' title="bbox 91 405 835 514; baseline -0.003 1"><span class='ocrx_word' id='word_1_1' title='bbox 91 405 835 514; x_wconf 41' lang='lat' dir='ltr'>Quanam&amp;</span> 
     </span>
    </p>
   </div>
   <div class='ocr_carea' id='block_1_2' title="bbox 9 593 876 3505">
    <p class='ocr_par' dir='ltr' id='par_1_2' title="bbox 9 593 876 3505">
     <span class='ocr_line' id='line_1_2' title="bbox 84 593 839 669; baseline -0.003 -15"><span class='ocrx_word' id='word_1_2' title='bbox 84 594 193 654; x_wconf 90' lang='lat' dir='ltr'>multis</span> <span class='ocrx_word' id='word_1_3' title='bbox 226 593 419 654; x_wconf 89' lang='lat' dir='ltr'>criminibus</span> <span class='ocrx_word' id='word_1_4' title='bbox 450 610 523 668; x_wconf 84' lang='lat' dir='ltr'>rea3</span> <span class='ocrx_word' id='word_1_5' title='bbox 559 593 709 669; x_wconf 87' lang='lat' dir='ltr'>quamvis</span> <span class='ocrx_word' id='word_1_6' title='bbox 739 593 839 653; x_wconf 90' lang='lat' dir='ltr'>variis</span> 
     </span>
     <span class='ocr_line' id='line_1_3' title="bbox 84 691 840 768; baseline -0.003 -16"><span class='ocrx_word' id='word_1_7' title='bbox 84 691 291 768; x_wconf 87' lang='lat' dir='ltr'>passionibus</span> <span class='ocrx_word' id='word_1_8' title='bbox 313 691 477 768; x_wconf 88' lang='lat' dir='ltr'>implicata</span> <span class='ocrx_word' id='word_1_9' title='bbox 491 691 683 768; x_wconf 84' lang='lat' dir='ltr'>magnisque</span> <span class='ocrx_word' id='word_1_10' title='bbox 705 700 840 767; x_wconf 87' lang='lat' dir='ltr'>tempta-</span> 
     </span>
     <span class='ocr_line' id='line_1_4' title="bbox 84 789 839 866; baseline -0.003 -16"><span class='ocrx_word' id='word_1_11' title='bbox 84 790 231 850; x_wconf 90' lang='lat' dir='ltr'>tionibus·</span> <span class='ocrx_word' id='word_1_12' title='bbox 250 789 353 850; x_wconf 82' lang='lat' dir='ltr'>fueris</span> <span class='ocrx_word' id='word_1_13' title='bbox 379 789 582 866; x_wconf 87' lang='lat' dir='ltr'>impugnata,</span> <span class='ocrx_word' id='word_1_14' title='bbox 611 790 712 850; x_wconf 92' lang='lat' dir='ltr'>habes</span> <span class='ocrx_word' id='word_1_15' title='bbox 734 789 839 849; x_wconf 91' lang='lat' dir='ltr'>adhuc</span> 
     </span>
     <span class='ocr_line' id='line_1_5' title="bbox 84 887 840 964; baseline 0 -17"><span class='ocrx_word' id='word_1_16' title='bbox 84 905 172 964; x_wconf 91' lang='lat' dir='ltr'>spem</span> <span class='ocrx_word' id='word_1_17' title='bbox 183 887 272 948; x_wconf 87' lang='lat' dir='ltr'>vitae</span> <span class='ocrx_word' id='word_1_18' title='bbox 283 887 420 963; x_wconf 83' lang='lat' dir='ltr'>misera3</span> <span class='ocrx_word' id='word_1_19' title='bbox 435 896 545 964; x_wconf 89' lang='lat' dir='ltr'>patent</span> <span class='ocrx_word' id='word_1_20' title='bbox 559 887 690 963; x_wconf 90' lang='lat' dir='ltr'>pietatis</span> <span class='ocrx_word' id='word_1_21' title='bbox 702 887 840 963; x_wconf 90' lang='lat' dir='ltr'>viscera,</span> 
     </span>
     <span class='ocr_line' id='line_1_6' title="bbox 84 985 863 1061; baseline 0.003 -17"><span class='ocrx_word' id='word_1_22' title='bbox 84 994 114 1044; x_wconf 91' lang='lat' dir='ltr'>et</span> <span class='ocrx_word' id='word_1_23' title='bbox 134 994 238 1045; x_wconf 90' lang='lat' dir='ltr'>testes</span> <span class='ocrx_word' id='word_1_24' title='bbox 261 995 337 1046; x_wconf 91' lang='lat' dir='ltr'>sunt</span> <span class='ocrx_word' id='word_1_25' title='bbox 358 1003 448 1061; x_wconf 85' lang='lat' dir='ltr'>crux,</span> <span class='ocrx_word' id='word_1_26' title='bbox 470 985 563 1060; x_wconf 91' lang='lat' dir='ltr'>clavi,</span> <span class='ocrx_word' id='word_1_27' title='bbox 585 986 698 1047; x_wconf 90' lang='lat' dir='ltr'>lancea</span> <span class='ocrx_word' id='word_1_28' title='bbox 719 996 751 1046; x_wconf 95' lang='lat' dir='ltr'>et</span> <span class='ocrx_word' id='word_1_29' title='bbox 773 1003 863 1046; x_wconf 65' lang='grc' dir='ltr'>ουτ-5</span> 
     </span>
     <span class='ocr_line' id='line_1_7' title="bbox 84 1082 840 1158; baseline 0 -16"><span class='ocrx_word' id='word_1_30' title='bbox 84 1082 135 1142; x_wconf 86' lang='lat' dir='ltr'>nia</span> <span class='ocrx_word' id='word_1_31' title='bbox 156 1082 339 1143; x_wconf 90' lang='lat' dir='ltr'>rubicunda</span> <span class='ocrx_word' id='word_1_32' title='bbox 362 1083 436 1144; x_wconf 94' lang='lat' dir='ltr'>lesu</span> <span class='ocrx_word' id='word_1_33' title='bbox 458 1083 604 1143; x_wconf 84' lang='lat' dir='ltr'>vulnera.</span> <span class='ocrx_word' id='word_1_34' title='bbox 639 1083 735 1158; x_wconf 91' lang='lat' dir='ltr'>Intra,</span> <span class='ocrx_word' id='word_1_35' title='bbox 757 1083 840 1143; x_wconf 90' lang='lat' dir='ltr'>intra</span> 
     </span>
     <span class='ocr_line' id='line_1_8' title="bbox 85 1180 840 1257; baseline -0.001 -16"><span class='ocrx_word' id='word_1_36' title='bbox 85 1180 243 1241; x_wconf 89' lang='lat' dir='ltr'>Crucilixi</span> <span class='ocrx_word' id='word_1_37' title='bbox 282 1180 444 1257; x_wconf 83' lang='lat' dir='ltr'>profunda</span> <span class='ocrx_word' id='word_1_38' title='bbox 481 1180 649 1257; x_wconf 79' lang='lat' dir='ltr'>stigmata,</span> <span class='ocrx_word' id='word_1_39' title='bbox 691 1181 840 1241; x_wconf 81' lang='lat' dir='ltr'>osculare</span> 
     </span>
     <span class='ocr_line' id='line_1_9' title="bbox 9 1271 839 1356; baseline -0.004 -17"><span class='ocrx_word' id='word_1_40' title='bbox 9 1271 10 1300; x_wconf 56' lang='lat'><em>*</em></span> <span class='ocrx_word' id='word_1_41' title='bbox 83 1280 248 1356; x_wconf 87' lang='lat' dir='ltr'>plagarum</span> <span class='ocrx_word' id='word_1_42' title='bbox 298 1280 388 1355; x_wconf 94' lang='lat' dir='ltr'>loca,</span> <span class='ocrx_word' id='word_1_43' title='bbox 436 1279 645 1355; x_wconf 82' lang='lat' dir='ltr'>apprehende</span> <span class='ocrx_word' id='word_1_44' title='bbox 689 1276 839 1338; x_wconf 92' lang='lat' dir='ltr'>amativis</span> 
     </span>
     <span class='ocr_line' id='line_1_10' title="bbox 9 1375 838 1466; baseline -0.006 -28"><span class='ocrx_word' id='word_1_45' title='bbox 9 1409 10 1466; x_wconf 65' lang='lat'>3</span> <span class='ocrx_word' id='word_1_46' title='bbox 83 1376 245 1438; x_wconf 87' lang='lat' dir='ltr'>bracchiis</span> <span class='ocrx_word' id='word_1_47' title='bbox 261 1376 384 1453; x_wconf 91' lang='lat' dir='ltr'>lignum</span> <span class='ocrx_word' id='word_1_48' title='bbox 402 1377 499 1452; x_wconf 89' lang='lat' dir='ltr'>vitae,</span> <span class='ocrx_word' id='word_1_49' title='bbox 520 1386 596 1437; x_wconf 92' lang='lat' dir='ltr'>tene</span> <span class='ocrx_word' id='word_1_50' title='bbox 619 1375 838 1437; x_wconf 87' lang='lat' dir='ltr'>certissimum</span> 
     </span>
     <span class='ocr_line' id='line_1_11' title="bbox 84 1474 875 1552; baseline -0.008 -17"><span class='ocrx_word' id='word_1_51' title='bbox 84 1475 197 1536; x_wconf 90' lang='lat' dir='ltr'>salutis</span> <span class='ocrx_word' id='word_1_52' title='bbox 219 1485 294 1535; x_wconf 90' lang='lat' dir='ltr'>tuae</span> <span class='ocrx_word' id='word_1_53' title='bbox 317 1475 456 1552; x_wconf 91' lang='lat' dir='ltr'>signum,</span> <span class='ocrx_word' id='word_1_54' title='bbox 480 1475 588 1534; x_wconf 89' lang='lat' dir='ltr'>lesum</span> <span class='ocrx_word' id='word_1_55' title='bbox 606 1474 640 1533; x_wconf 93' lang='lat' dir='ltr'>in</span> <span class='ocrx_word' id='word_1_56' title='bbox 656 1490 753 1533; x_wconf 92' lang='lat' dir='ltr'>cruce</span> <span class='ocrx_word' id='word_1_57' title='bbox 769 1490 839 1532; x_wconf 91' lang='lat' dir='ltr'>sus·</span> <span class='ocrx_word' id='word_1_58' title='bbox 852 1488 875 1528; x_wconf 87' lang='lat' dir='ltr'>ro</span> 
     </span>
     <span class='ocr_line' id='line_1_12' title="bbox 9 1565 840 1649; baseline -0.005 -15"><span class='ocrx_word' id='word_1_59' title='bbox 9 1565 10 1582; x_wconf 58' lang='lat'>¹</span> <span class='ocrx_word' id='word_1_60' title='bbox 84 1591 233 1649; x_wconf 88' lang='lat' dir='ltr'>pensum.</span> <span class='ocrx_word' id='word_1_61' title='bbox 286 1573 395 1648; x_wconf 90' lang='lat' dir='ltr'>Ipsum</span> <span class='ocrx_word' id='word_1_62' title='bbox 432 1574 549 1632; x_wconf 88' lang='lat' dir='ltr'>devota</span> <span class='ocrx_word' id='word_1_63' title='bbox 583 1580 693 1631; x_wconf 90' lang='lat' dir='ltr'>mente</span> <span class='ocrx_word' id='word_1_64' title='bbox 726 1571 840 1646; x_wconf 84' lang='lat' dir='ltr'>adora3</span> 
     </span>
     <span class='ocr_line' id='line_1_13' title="bbox 85 1669 839 1746; baseline -0.004 -16"><span class='ocrx_word' id='word_1_65' title='bbox 85 1671 144 1746; x_wconf 88' lang='lat' dir='ltr'>ipsi</span> <span class='ocrx_word' id='word_1_66' title='bbox 167 1671 309 1732; x_wconf 87' lang='lat' dir='ltr'>fideliter</span> <span class='ocrx_word' id='word_1_67' title='bbox 337 1680 368 1731; x_wconf 92' lang='lat' dir='ltr'>te</span> <span class='ocrx_word' id='word_1_68' title='bbox 398 1669 581 1744; x_wconf 88' lang='lat' dir='ltr'>committe,</span> <span class='ocrx_word' id='word_1_69' title='bbox 609 1669 671 1744; x_wconf 92' lang='lat' dir='ltr'>ipsi</span> <span class='ocrx_word' id='word_1_70' title='bbox 701 1686 741 1728; x_wconf 86' lang='lat' dir='ltr'>ex</span> <span class='ocrx_word' id='word_1_71' title='bbox 772 1676 839 1728; x_wconf 93' lang='lat' dir='ltr'>toto</span> 
     </span>
     <span class='ocr_line' id='line_1_14' title="bbox 84 1765 839 1846; baseline -0.004 -18"><span class='ocrx_word' id='word_1_72' title='bbox 84 1779 114 1828; x_wconf 90' lang='lat' dir='ltr'>te</span> <span class='ocrx_word' id='word_1_73' title='bbox 136 1769 277 1846; x_wconf 87' lang='lat' dir='ltr'>resigna.</span> <span class='ocrx_word' id='word_1_74' title='bbox 320 1768 403 1827; x_wconf 90' lang='lat' dir='ltr'>Nam</span> <span class='ocrx_word' id='word_1_75' title='bbox 432 1767 487 1844; x_wconf 89' lang='lat' dir='ltr'>qui</span> <span class='ocrx_word' id='word_1_76' title='bbox 516 1776 580 1827; x_wconf 92' lang='lat' dir='ltr'>tam</span> <span class='ocrx_word' id='word_1_77' title='bbox 608 1767 682 1842; x_wconf 92' lang='lat' dir='ltr'>pius</span> <span class='ocrx_word' id='word_1_78' title='bbox 705 1767 765 1826; x_wconf 89' lang='lat' dir='ltr'>luit</span> <span class='ocrx_word' id='word_1_79' title='bbox 786 1765 839 1825; x_wconf 87' lang='lat' dir='ltr'>ad·</span> 
     </span>
     <span class='ocr_line' id='line_1_15' title="bbox 9 1855 838 1942; baseline -0.006 -15"><span class='ocrx_word' id='word_1_80' title='bbox 9 1855 10 1858; x_wconf 27' lang='lat'>¹</span> <span class='ocrx_word' id='word_1_81' title='bbox 85 1867 239 1927; x_wconf 89' lang='lat' dir='ltr'>versariis</span> <span class='ocrx_word' id='word_1_82' title='bbox 261 1867 341 1941; x_wconf 92' lang='lat' dir='ltr'>suis,</span> <span class='ocrx_word' id='word_1_83' title='bbox 363 1865 425 1925; x_wconf 93' lang='lat' dir='ltr'>erit</span> <span class='ocrx_word' id='word_1_84' title='bbox 446 1865 559 1942; x_wconf 93' lang='lat' dir='ltr'>utique</span> <span class='ocrx_word' id='word_1_85' title='bbox 580 1873 613 1924; x_wconf 92' lang='lat' dir='ltr'>et</span> <span class='ocrx_word' id='word_1_86' title='bbox 627 1862 685 1923; x_wconf 95' lang='lat' dir='ltr'>tibi</span> <span class='ocrx_word' id='word_1_87' title='bbox 701 1863 838 1923; x_wconf 92' lang='lat' dir='ltr'>multum</span> 
     </span>
     <span class='ocr_line' id='line_1_16' title="bbox 9 1961 875 2048; baseline -0.014 -23"><span class='ocrx_word' id='word_1_88' title='bbox 9 2025 11 2048; x_wconf 34' lang='grc' dir='ltr'>ι</span> <span class='ocrx_word' id='word_1_89' title='bbox 84 1963 244 2040; x_wconf 89' lang='lat' dir='ltr'>propitius</span> <span class='ocrx_word' id='word_1_90' title='bbox 266 1963 388 2024; x_wconf 86' lang='lat' dir='ltr'>dolenti</span> <span class='ocrx_word' id='word_1_91' title='bbox 411 1962 452 2022; x_wconf 92' lang='lat' dir='ltr'>de</span> <span class='ocrx_word' id='word_1_92' title='bbox 473 1961 617 2038; x_wconf 88' lang='lat' dir='ltr'>peccatis</span> <span class='ocrx_word' id='word_1_93' title='bbox 639 1961 713 2021; x_wconf 91' lang='lat' dir='ltr'>tuis.</span> <span class='ocrx_word' id='word_1_94' title='bbox 851 1974 875 2014; x_wconf 87' lang='lat'>15</span> 
     </span>
     <span class='ocr_line' id='line_1_17' title="bbox 122 2056 838 2132; baseline -0.006 -12"><span class='ocrx_word' id='word_1_95' title='bbox 122 2063 247 2121; x_wconf 92' lang='lat' dir='ltr'>Verum</span> <span class='ocrx_word' id='word_1_96' title='bbox 284 2060 311 2119; x_wconf 94' lang='lat' dir='ltr'>si</span> <span class='ocrx_word' id='word_1_97' title='bbox 347 2059 398 2120; x_wconf 91' lang='lat' dir='ltr'>vis</span> <span class='ocrx_word' id='word_1_98' title='bbox 434 2058 575 2119; x_wconf 88' lang='lat' dir='ltr'>celerius</span> <span class='ocrx_word' id='word_1_99' title='bbox 610 2057 775 2132; x_wconf 87' lang='lat' dir='ltr'>exaudiri,</span> <span class='ocrx_word' id='word_1_100' title='bbox 810 2056 838 2116; x_wconf 91' lang='lat' dir='ltr'>si</span> 
     </span>
     <span class='ocr_line' id='line_1_18' title="bbox 83 2155 839 2234; baseline -0.005 -17"><span class='ocrx_word' id='word_1_101' title='bbox 83 2158 216 2234; x_wconf 84' lang='lat' dir='ltr'>gratiam</span> <span class='ocrx_word' id='word_1_102' title='bbox 253 2157 469 2234; x_wconf 89' lang='lat' dir='ltr'>redemptoris</span> <span class='ocrx_word' id='word_1_103' title='bbox 505 2167 596 2233; x_wconf 90' lang='lat' dir='ltr'>optas</span> <span class='ocrx_word' id='word_1_104' title='bbox 632 2155 766 2231; x_wconf 86' lang='lat' dir='ltr'>adipisci</span> <span class='ocrx_word' id='word_1_105' title='bbox 807 2163 839 2214; x_wconf 91' lang='lat' dir='ltr'>et</span> 
     </span>
     <span class='ocr_line' id='line_1_19' title="bbox 83 2251 838 2331; baseline -0.004 -17"><span class='ocrx_word' id='word_1_106' title='bbox 83 2256 211 2330; x_wconf 82' lang='lat' dir='ltr'>plenam</span> <span class='ocrx_word' id='word_1_107' title='bbox 235 2254 493 2314; x_wconf 90' lang='lat' dir='ltr'>misericordiam</span> <span class='ocrx_word' id='word_1_108' title='bbox 516 2253 691 2331; x_wconf 89' lang='lat' dir='ltr'>consequi,</span> <span class='ocrx_word' id='word_1_109' title='bbox 713 2251 838 2313; x_wconf 89' lang='lat' dir='ltr'>dimitte</span> 
     </span>
     <span class='ocr_line' id='line_1_20' title="bbox 84 2350 838 2428; baseline -0.007 -15"><span class='ocrx_word' id='word_1_110' title='bbox 84 2362 113 2413; x_wconf 89' lang='lat' dir='ltr'>et</span> <span class='ocrx_word' id='word_1_111' title='bbox 134 2363 169 2413; x_wconf 95' lang='lat' dir='ltr'>tu</span> <span class='ocrx_word' id='word_1_112' title='bbox 193 2351 284 2413; x_wconf 79' lang='lat' dir='ltr'>fratri</span> <span class='ocrx_word' id='word_1_113' title='bbox 307 2361 362 2412; x_wconf 94' lang='lat' dir='ltr'>tuo</span> <span class='ocrx_word' id='word_1_114' title='bbox 384 2351 417 2411; x_wconf 94' lang='lat' dir='ltr'>in</span> <span class='ocrx_word' id='word_1_115' title='bbox 440 2361 472 2412; x_wconf 91' lang='lat' dir='ltr'>te</span> <span class='ocrx_word' id='word_1_116' title='bbox 494 2351 641 2428; x_wconf 90' lang='lat' dir='ltr'>peccanti</span> <span class='ocrx_word' id='word_1_117' title='bbox 658 2368 697 2410; x_wconf 88' lang='lat' dir='ltr'>ex</span> <span class='ocrx_word' id='word_1_118' title='bbox 713 2350 838 2425; x_wconf 88' lang='lat' dir='ltr'>integro</span> 
     </span>
     <span class='ocr_line' id='line_1_21' title="bbox 83 2448 876 2526; baseline -0.004 -17"><span class='ocrx_word' id='word_1_119' title='bbox 83 2451 189 2511; x_wconf 89' lang='lat' dir='ltr'>corde.</span> <span class='ocrx_word' id='word_1_120' title='bbox 235 2450 370 2526; x_wconf 88' lang='lat' dir='ltr'>Ignosce</span> <span class='ocrx_word' id='word_1_121' title='bbox 393 2449 439 2508; x_wconf 94' lang='lat' dir='ltr'>illi</span> <span class='ocrx_word' id='word_1_122' title='bbox 465 2448 497 2509; x_wconf 94' lang='lat' dir='ltr'>in</span> <span class='ocrx_word' id='word_1_123' title='bbox 520 2448 668 2524; x_wconf 92' lang='lat' dir='ltr'>modicis,</span> <span class='ocrx_word' id='word_1_124' title='bbox 690 2458 725 2508; x_wconf 94' lang='lat' dir='ltr'>ut</span> <span class='ocrx_word' id='word_1_125' title='bbox 748 2449 876 2507; x_wconf 84' lang='lat' dir='ltr'>Deusro</span> 
     </span>
     <span class='ocr_line' id='line_1_22' title="bbox 82 2546 839 2624; baseline 0 -18"><span class='ocrx_word' id='word_1_126' title='bbox 82 2546 229 2624; x_wconf 91' lang='lat' dir='ltr'>ignoscat</span> <span class='ocrx_word' id='word_1_127' title='bbox 251 2546 308 2606; x_wconf 93' lang='lat' dir='ltr'>tibi</span> <span class='ocrx_word' id='word_1_128' title='bbox 331 2546 363 2607; x_wconf 92' lang='lat' dir='ltr'>in</span> <span class='ocrx_word' id='word_1_129' title='bbox 386 2546 515 2622; x_wconf 91' lang='lat' dir='ltr'>multis,</span> <span class='ocrx_word' id='word_1_130' title='bbox 544 2557 575 2607; x_wconf 89' lang='lat' dir='ltr'>et</span> <span class='ocrx_word' id='word_1_131' title='bbox 602 2565 658 2607; x_wconf 90' lang='lat' dir='ltr'>ora</span> <span class='ocrx_word' id='word_1_132' title='bbox 686 2565 744 2624; x_wconf 93' lang='lat' dir='ltr'>pro</span> <span class='ocrx_word' id='word_1_133' title='bbox 766 2547 839 2606; x_wconf 90' lang='lat' dir='ltr'>eius</span> 
     </span>
     <span class='ocr_line' id='line_1_23' title="bbox 81 2645 839 2721; baseline 0 -17"><span class='ocrx_word' id='word_1_134' title='bbox 81 2646 186 2706; x_wconf 87' lang='lat' dir='ltr'>salute</span> <span class='ocrx_word' id='word_1_135' title='bbox 209 2645 294 2705; x_wconf 92' lang='lat' dir='ltr'>sicut</span> <span class='ocrx_word' id='word_1_136' title='bbox 316 2662 374 2720; x_wconf 89' lang='lat' dir='ltr'>pro</span> <span class='ocrx_word' id='word_1_137' title='bbox 396 2654 467 2721; x_wconf 89' lang='lat' dir='ltr'>tua;</span> <span class='ocrx_word' id='word_1_138' title='bbox 495 2645 543 2705; x_wconf 92' lang='lat' dir='ltr'>sic</span> <span class='ocrx_word' id='word_1_139' title='bbox 567 2662 667 2721; x_wconf 89' lang='lat' dir='ltr'>agens</span> <span class='ocrx_word' id='word_1_140' title='bbox 689 2645 839 2706; x_wconf 89' lang='lat' dir='ltr'>invenies</span> 
     </span>
     <span class='ocr_line' id='line_1_24' title="bbox 80 2739 838 2820; baseline -0.001 -16.086"><span class='ocrx_word' id='word_1_141' title='bbox 80 2744 215 2820; x_wconf 89' lang='lat' dir='ltr'>gratiam</span> <span class='ocrx_word' id='word_1_142' title='bbox 240 2743 371 2819; x_wconf 87' lang='lat' dir='ltr'>erisque</span> <span class='ocrx_word' id='word_1_143' title='bbox 395 2742 482 2803; x_wconf 83' lang='lat' dir='ltr'>lilius</span> <span class='ocrx_word' id='word_1_144' title='bbox 510 2742 660 2803; x_wconf 89' lang='lat' dir='ltr'>altissimi</span> <span class='ocrx_word' id='word_1_145' title='bbox 683 2739 838 2803; x_wconf 86' lang='lat' dir='ltr'>inlitando</span> 
     </span>
     <span class='ocr_line' id='line_1_25' title="bbox 82 2840 838 2918; baseline -0.001 -17"><span class='ocrx_word' id='word_1_146' title='bbox 82 2843 203 2918; x_wconf 90' lang='lat' dir='ltr'>lesum,</span> <span class='ocrx_word' id='word_1_147' title='bbox 225 2841 281 2918; x_wconf 92' lang='lat' dir='ltr'>qui</span> <span class='ocrx_word' id='word_1_148' title='bbox 304 2840 400 2901; x_wconf 90' lang='lat' dir='ltr'>iussit</span> <span class='ocrx_word' id='word_1_149' title='bbox 415 2841 567 2901; x_wconf 90' lang='lat' dir='ltr'>inimicos</span> <span class='ocrx_word' id='word_1_150' title='bbox 582 2841 718 2917; x_wconf 92' lang='lat' dir='ltr'>diligere</span> <span class='ocrx_word' id='word_1_151' title='bbox 734 2849 765 2900; x_wconf 89' lang='lat' dir='ltr'>et</span> <span class='ocrx_word' id='word_1_152' title='bbox 780 2856 838 2916; x_wconf 93' lang='lat' dir='ltr'>pro</span> 
     </span>
     <span class='ocr_line' id='line_1_26' title="bbox 9 2938 874 3030; baseline -0.003 -29"><span class='ocrx_word' id='word_1_153' title='bbox 9 3017 11 3030; x_wconf 62' lang='lat'><em>„</em></span> <span class='ocrx_word' id='word_1_154' title='bbox 81 2939 357 3017; x_wconf 88' lang='lat' dir='ltr'>persequentibus</span> <span class='ocrx_word' id='word_1_155' title='bbox 385 2956 421 2998; x_wconf 89' lang='lat' dir='ltr'>se</span> <span class='ocrx_word' id='word_1_156' title='bbox 448 2938 642 3015; x_wconf 90' lang='lat' dir='ltr'>supplicare.</span> <span class='ocrx_word' id='word_1_157' title='bbox 685 2939 874 3016; x_wconf 76' lang='lat' dir='ltr'>Magnamas</span> 
     </span>
     <span class='ocr_line' id='line_1_27' title="bbox 81 3036 838 3115; baseline -0.003 -17"><span class='ocrx_word' id='word_1_158' title='bbox 81 3039 218 3115; x_wconf 91' lang='lat' dir='ltr'>insuper</span> <span class='ocrx_word' id='word_1_159' title='bbox 239 3037 296 3097; x_wconf 95' lang='lat' dir='ltr'>tibi</span> <span class='ocrx_word' id='word_1_160' title='bbox 319 3037 469 3097; x_wconf 82' lang='lat' dir='ltr'>fiduciam</span> <span class='ocrx_word' id='word_1_161' title='bbox 485 3038 672 3097; x_wconf 90' lang='lat' dir='ltr'>accumulas</span> <span class='ocrx_word' id='word_1_162' title='bbox 694 3036 727 3096; x_wconf 94' lang='lat' dir='ltr'>in</span> <span class='ocrx_word' id='word_1_163' title='bbox 750 3037 838 3097; x_wconf 87' lang='lat' dir='ltr'>exitu</span> 
     </span>
     <span class='ocr_line' id='line_1_28' title="bbox 81 3134 838 3213; baseline -0.001 -17"><span class='ocrx_word' id='word_1_164' title='bbox 81 3137 177 3212; x_wconf 89' lang='lat' dir='ltr'>vitae,</span> <span class='ocrx_word' id='word_1_165' title='bbox 202 3135 230 3195; x_wconf 93' lang='lat' dir='ltr'>si</span> <span class='ocrx_word' id='word_1_166' title='bbox 253 3134 380 3213; x_wconf 90' lang='lat' dir='ltr'>patiens</span> <span class='ocrx_word' id='word_1_167' title='bbox 402 3135 524 3196; x_wconf 90' lang='lat' dir='ltr'>iniuste</span> <span class='ocrx_word' id='word_1_168' title='bbox 546 3134 701 3196; x_wconf 90' lang='lat' dir='ltr'>didiceris</span> <span class='ocrx_word' id='word_1_169' title='bbox 723 3152 838 3195; x_wconf 91' lang='lat' dir='ltr'>omnes</span> 
     </span>
     <span class='ocr_line' id='line_1_29' title="bbox 10 3231 838 3308; baseline -0.005 -14"><span class='ocrx_word' id='word_1_170' title='bbox 10 3277 11 3282; x_wconf 19' lang='grc' dir='ltr'>η</span> <span class='ocrx_word' id='word_1_171' title='bbox 82 3234 219 3296; x_wconf 89' lang='lat' dir='ltr'>iniurias</span> <span class='ocrx_word' id='word_1_172' title='bbox 241 3232 408 3294; x_wconf 92' lang='lat' dir='ltr'>remittere</span> <span class='ocrx_word' id='word_1_173' title='bbox 434 3241 466 3292; x_wconf 88' lang='lat' dir='ltr'>et</span> <span class='ocrx_word' id='word_1_174' title='bbox 494 3232 579 3308; x_wconf 93' lang='lat' dir='ltr'>piam</span> <span class='ocrx_word' id='word_1_175' title='bbox 604 3249 663 3308; x_wconf 91' lang='lat' dir='ltr'>pro</span> <span class='ocrx_word' id='word_1_176' title='bbox 685 3231 838 3293; x_wconf 92' lang='lat' dir='ltr'>debitori-</span> 
     </span>
     <span class='ocr_line' id='line_1_30' title="bbox 82 3331 837 3409; baseline -0.004 -16"><span class='ocrx_word' id='word_1_177' title='bbox 82 3333 142 3393; x_wconf 92' lang='lat' dir='ltr'>bus</span> <span class='ocrx_word' id='word_1_178' title='bbox 171 3349 303 3409; x_wconf 89' lang='lat' dir='ltr'>precem</span> <span class='ocrx_word' id='word_1_179' title='bbox 333 3331 500 3391; x_wconf 81' lang='lat' dir='ltr'>effuderis.</span> <span class='ocrx_word' id='word_1_180' title='bbox 543 3332 634 3391; x_wconf 89' lang='lat' dir='ltr'>Haec</span> <span class='ocrx_word' id='word_1_181' title='bbox 663 3348 755 3390; x_wconf 90' lang='lat' dir='ltr'>sacra</span> <span class='ocrx_word' id='word_1_182' title='bbox 779 3346 837 3406; x_wconf 89' lang='lat' dir='ltr'>pro</span> 
     </span>
     <span class='ocr_line' id='line_1_31' title="bbox 83 3427 873 3505; baseline -0.001 -17"><span class='ocrx_word' id='word_1_183' title='bbox 83 3429 225 3491; x_wconf 88' lang='lat' dir='ltr'>inimicis</span> <span class='ocrx_word' id='word_1_184' title='bbox 247 3428 440 3505; x_wconf 88' lang='lat' dir='ltr'>supplicatio</span> <span class='ocrx_word' id='word_1_185' title='bbox 462 3429 627 3504; x_wconf 89' lang='lat' dir='ltr'>apostolos</span> <span class='ocrx_word' id='word_1_186' title='bbox 642 3427 873 3488; x_wconf 82' lang='lat' dir='ltr'>beatificavitao</span> 
     </span>
    </p>
   </div>
   <div class='ocr_carea' id='block_1_3' title="bbox 85 3525 837 3673">
    <p class='ocr_par' dir='ltr' id='par_1_3' title="bbox 85 3525 837 3673">
     <span class='ocr_line' id='line_1_32' title="bbox 85 3525 837 3604; baseline -0.001 -19"><span class='ocrx_word' id='word_1_187' title='bbox 85 3526 115 3587; x_wconf 95' lang='lat' dir='ltr'>in</span> <span class='ocrx_word' id='word_1_188' title='bbox 136 3527 255 3604; x_wconf 89' lang='lat' dir='ltr'>gloria,</span> <span class='ocrx_word' id='word_1_189' title='bbox 283 3537 444 3603; x_wconf 88' lang='lat' dir='ltr'>martyres</span> <span class='ocrx_word' id='word_1_190' title='bbox 467 3525 687 3601; x_wconf 89' lang='lat' dir='ltr'>consecravit,</span> <span class='ocrx_word' id='word_1_191' title='bbox 709 3525 837 3585; x_wconf 81' lang='lat' dir='ltr'>confes-</span> 
     </span>
     <span class='ocr_line' id='line_1_33' title="bbox 444 3631 481 3673; baseline 0.027 -1"><span class='ocrx_word' id='word_1_192' title='bbox 444 3631 481 3673; x_wconf 84' lang='lat'>127</span> 
     </span>
    </p>
   </div>
   <div class='ocr_carea' id='block_1_4' title="bbox 0 0 1080 4174">
    <p class='ocr_par' dir='ltr' id='par_1_4' title="bbox 0 0 1080 4174">
     <span class='ocr_line' id='line_1_34' title="bbox 0 0 1080 4174; baseline 0 0"><span class='ocrx_word' id='word_1_193' title='bbox 0 0 1080 4174; x_wconf 95' lang='lat' dir='ltr'> </span> 
     </span>
    </p>
   </div>
  </div>
 </body>
</html>
