2144 4168
552 535 717 590 Epllegonteur.

260 695 410 748 accurate
438 686 611 764 inspicies,
641 704 743 748 unum
763 702 781 741 e
803 687 923 748 librum
949 704 1018 746 cor·

261 768 378 828 rectori
401 785 535 845 prorsus
556 767 639 828 nihil
661 768 781 828 debere
797 767 956 844 reperies.
988 767 1019 826 is

260 848 358 926 igitur
392 847 639 909 sincerissimus
674 848 820 909 omniurn
853 848 929 908 lons
963 849 1020 907 ha-

260 929 387 989 bendus
418 938 476 989 est.
520 929 622 1006 idque
652 928 810 988 iudicium
841 928 1020 1005 diligenter

261 1010 345 1070 inter
380 1026 416 1069 se
457 1009 629 1085 pensitatis
666 1009 863 1069 lectionibus
899 1025 1017 1068 eorum

260 1090 418 1165 locorum,
441 1089 560 1166 quibus
582 1097 637 1149 aut
657 1090 689 1144 A
711 1099 766 1149 aut
786 1091 819 1144 Β
840 1089 1018 1165 interpola·

259 1179 328 1230 tum
340 1186 414 1230 esse
425 1179 605 1230 statuamus
616 1185 755 1229 necesse
766 1178 826 1245 est,
842 1169 1016 1230 stabilitur.

261 1250 367 1312 Cuius
389 1250 436 1310 rei
458 1252 539 1310 baec
561 1250 710 1326 exempla
731 1250 853 1327 delegi:
876 1253 914 1326 8,
939 1267 966 1308 ra
984 1249 1016 1303 A

260 1332 371 1406 lapsu,
407 1331 440 1384 Β
468 1331 698 1402 damnatione,
732 1333 791 1406 20,
814 1331 877 1388 rA
908 1347 1015 1405 super,

259 1413 292 1466 Β
298 1427 368 1486 pro,
383 1414 432 1486 22,
446 1427 460 1469 o
473 1411 506 1471 in
516 1413 550 1466 Β
559 1419 633 1487 post
647 1411 840 1486 confiteatur
851 1410 1014 1470 insertum

260 1491 392 1567 legitur:
422 1492 546 1550 nomini
565 1495 678 1551 sancto
700 1494 793 1562 tuo¹‚
815 1491 894 1551 item
915 1494 968 1565 28,
991 1508 1016 1548 ιε

259 1580 332 1647 post
354 1571 452 1631 mibi:
482 1571 568 1648 Quid
588 1572 666 1631 dare
683 1587 816 1646 possum
834 1587 966 1646 pauper
985 1576 1017 1630 et

260 1652 352 1727 inops
379 1656 532 1727 peccator
558 1656 591 1711 et
620 1651 810 1711 miserabilis
839 1652 1015 1712 homuncio
1060 1713 1061 1724 ,

260 1731 323 1791 nisi
352 1747 466 1807 corpus
496 1736 529 1791 et
557 1732 701 1792 animam
732 1731 792 1791 tibi
819 1732 940 1807 integre
970 1747 1015 1791 re-

258 1809 440 1887 signando?
460 1815 510 1887 22,
523 1828 551 1870 25
569 1812 601 1866 A
615 1812 742 1887 angelo,
759 1813 792 1866 Β
806 1813 1014 1886 archangelo,

258 1895 307 1966 25,
327 1893 405 1950 aaA
426 1896 473 1963 te,
501 1894 535 1947 Β
555 1908 665 1952 amore
685 1895 781 1962 tuor,
809 1895 859 1967 29,
882 1909 914 1950 ro.
933 1909 956 1949 ιι
982 1895 1014 1946 A

255 1988 435 2047 perversam
452 2017 459 2032 .
475 2018 483 2031 .
499 2017 506 2031 .
521 1972 690 2043 duritiam,
721 1974 754 2027 Β
771 1972 1014 2048 perversitatem

334 2051 567 2127 duritiamque,
591 2069 615 2109 ra
636 2053 664 2106 A
687 2053 742 2123 de,
765 2055 797 2106 B
814 2069 891 2128 pro,
913 2055 965 2127 33,
986 2069 1015 2111 25

258 2134 289 2186 A
305 2132 446 2203 libenter,
461 2134 494 2187 Β
509 2133 681 2203 humiliter,
696 2135 746 2208 34,
758 2149 781 2189 n
802 2134 832 2186 A
847 2133 1014 2207 dignatas,

262 2215 290 2266 Β
301 2228 428 2287 passus,
450 2215 499 2287 42,
517 2229 544 2269 aa
564 2213 596 2267 A
612 2213 723 2283 Nemo,
744 2215 778 2267 Β
791 2213 892 2272 Nemo
913 2214 1014 2283 enim,

257 2295 349 2367 43,r
374 2293 406 2372 A
429 2297 583 2368 temptat,
618 2295 652 2347 Β
681 2297 817 2368 temptat
844 2297 877 2352 et
905 2300 1014 2364 vexat,
1061 2305 1062 2340 1

257 2376 314 2448 48,
344 2389 368 2429 ra
395 2373 426 2426 A
454 2373 610 2444 instituit,
646 2375 678 2426 B
706 2373 848 2432 instituit
873 2374 1016 2448 preciosi

257 2452 536 2528 (*o⁸1›instituit
558 2453 708 2528 pretiosi,
740 2453 918 2512 einstituit
941 2470 1013 2529 pre-

257 2533 554 2609 ciosissimi),52,1o
572 2533 604 2587 A
619 2532 696 2607 hiat,
713 2533 776 2593 nisi
793 2533 879 2610 quod
897 2549 933 2587 m
950 2551 1013 2594 ser-

258 2629 352 2673 mone
382 2613 540 2688 probabili
569 2612 757 2673 coniectura
785 2613 945 2688 restituit,
979 2617 1015 2668 Β

258 2693 408 2764 materia,
429 2696 483 2767 58,
499 2709 531 2751 n.
548 2709 573 2750 15
589 2693 621 2747 A
635 2710 737 2768 neque
760 2694 1013 2769 tranquillitatis

258 2774 376 2833 bonum
394 2789 541 2848 possum,
564 2775 596 2826 B
617 2789 739 2849 nequeo
761 2774 1014 2849 tranquillitatis

258 2854 386 2924 bonum,
408 2855 485 2927 71,2
503 2854 534 2907 A
552 2854 695 2928 respicio,
718 2857 750 2908 B
767 2858 847 2913 retro
865 2855 1012 2930 respicio,

259 2951 284 2991 ro
302 2934 333 2987 A
348 2933 435 3004 dure,
450 2934 483 2987 Β
496 2933 626 3003 duriter,
643 2936 692 3008 72,
706 2950 734 2991 29
751 2934 783 2988 A
798 2934 1013 3009 indignando,

257 3016 290 3068 Β
304 3013 557 3089 indignabundo,
579 3016 628 3088 73,
642 3029 670 3071 as
681 3014 713 3068 A
730 3015 832 3085 corde,
849 3017 881 3068 Β
895 3016 1012 3086 cordis,

257 3096 306 3169 77,
329 3110 353 3151 ra
371 3094 403 3147 A
425 3095 494 3164 hoc,
516 3095 550 3147 Β
571 3094 666 3164 baec,
687 3096 737 3170 80,
760 3111 785 3152 n
803 3095 835 3148 A
857 3094 957 3170 Rogo,
978 3098 1014 3150 Β

317 3386 326 3414 ¹
346 3385 387 3438 ¹1)
401 3386 464 3427 habet
478 3387 563 3428 nomini
576 3392 613 3428 tuo
626 3391 707 3428 sancto.
735 3384 786 3428 ch.
803 3386 864 3429 Phil.
877 3387 905 3440 2,
922 3387 955 3431 lo.
972 3390 1012 3434 ll:

256 3441 321 3481 utin
341 3441 430 3482 nomine
451 3438 501 3482 lesu
521 3452 587 3482 omne
606 3452 663 3494 genu
684 3441 781 3482 flectatur
800 3441 947 3495 caelestium,
969 3451 1013 3485 rer-

256 3495 362 3535 restrium
377 3501 398 3534 et
412 3493 568 3546 internorum,
582 3503 603 3536 er
617 3495 692 3536 omnis
707 3495 783 3546 lingua
798 3495 943 3549 confiteatur,
958 3500 1013 3551 quin

258 3546 370 3587 Dominus
386 3546 450 3587 lesus
465 3545 574 3589 Christus
589 3549 613 3589 ln
627 3548 747 3600 gloriaest
762 3548 803 3589 Del
820 3547 904 3591 Putris.

316 3608 326 3634 ¹
346 3605 385 3666 *q
403 3619 438 3647 om
451 3609 524 3658 aym
537 3611 603 3660 arao,
622 3608 660 3655 *r
678 3622 713 3650 vm
727 3622 790 3650 uem
807 3613 890 3652 wana

610 3704 651 3746 too
