2144 4168
514 464 680 518 Epilegomeno.

222 611 375 673 Vdalrico
411 614 524 676 abbate
559 615 784 692 (1475—1483)
819 624 979 691 emptum,

223 693 277 769 qui
299 692 477 771 inscriptus
498 705 548 756 est
566 697 660 768 ,Vita
675 694 819 758 Christi“
835 700 854 770 ¹,
877 712 978 772 quem

223 773 327 834 fuisse
355 792 453 836 manu
482 776 639 852 scriptum
662 779 722 837 hac
744 776 784 836 de
806 793 906 836 causa
928 793 979 835 ar·

222 853 333 930 bitror,
354 857 441 932 quod
456 866 659 917 vetustarum
681 857 872 932 editionum,
893 873 978 934 quas

222 935 353 1009 quidem
384 937 508 1013 norim,
538 938 629 998 nulla
662 938 743 998 adeo
779 937 889 997 hiulca
925 936 977 996 sit.

223 1014 380 1076 Ceterum
397 1034 592 1095 quamquam
608 1043 632 1080 a
648 1028 713 1080 eto
733 1017 880 1081 universi
896 1017 978 1077 satis

222 1095 394 1172 diligenter
422 1098 534 1175 scripti
564 1109 659 1175 sunt,
689 1108 798 1159 tamen
820 1097 908 1158 haud
933 1097 978 1158 ita

222 1175 321 1252 dolui,
341 1179 427 1255 quod
443 1196 518 1239 sero
533 1179 680 1240 notitiam
703 1188 818 1239 nactus
840 1179 975 1238 demum

221 1258 282 1316 hac
304 1258 366 1318 iarn
389 1276 493 1335 paene
515 1260 663 1320 absoluta
684 1259 879 1319 recensione
898 1258 977 1318 inde

221 1337 260 1397 ab
291 1355 318 1398 a.
350 1339 379 1399 d.
410 1355 454 1400 vl.
485 1341 556 1400 Kal.
589 1341 647 1401 Iul.
679 1339 778 1400 huius
809 1339 886 1400 anni
919 1356 977 1399 eos

222 1418 372 1479 conlerre
394 1420 502 1496 potui,
524 1438 615 1498 curn,
638 1421 665 1480 si
691 1438 709 1480 a
730 1419 867 1496 lacunis,
891 1436 976 1496 quae

221 1497 254 1556 in
276 1498 317 1559 iis
339 1517 404 1561 non
436 1519 508 1561 raro
538 1518 661 1578 eaeque
690 1510 739 1561 sat
767 1500 893 1577 amplae
924 1517 977 1560 oc·
1049 1495 1050 1542 i

221 1589 372 1656 currunt,
407 1581 618 1658 discesseris,
654 1599 711 1642 eos
748 1581 817 1641 iere
852 1580 976 1657 ubique
1049 1593 1050 1666 J

221 1675 295 1719 curn
318 1677 356 1720 ea
378 1661 538 1739 editione,
570 1663 656 1739 quod
678 1661 797 1739 prioris
818 1670 976 1721 tractatus
1049 1701 1050 1706 η

221 1738 467 1802 fundamentum
511 1759 585 1803 esse
634 1743 741 1818 volui,
792 1758 975 1818 congruere

220 1819 448 1883 intellexerim.

281 1918 298 1955 o
324 1911 386 1977 tot,
417 1912 495 1980 quot
526 1902 664 1980 singulis
695 1901 893 1964 editionibus
922 1901 976 1961 ad·

220 1981 354 2058 scripsi,
376 1984 457 2043 locis
479 2001 497 2043 a
519 1984 654 2061 reliquis
677 1983 876 2043 dissentiens
898 1999 975 2042 con·

220 2063 334 2122 sentit:
357 2067 477 2125 eumd
500 2067 552 2139 10,
573 2065 622 2118 *n
639 2067 675 2140 9,
697 2064 740 2118 ὀ
763 2066 835 2139 189,
857 2063 905 2130 *p
926 2066 976 2138 51,

220 2141 320 2197 ‘n‘o
335 2143 381 2212 *p
399 2148 444 2220 18,
466 2144 511 2199 *rr
528 2144 634 2220 *⁰44,
656 2144 699 2198 *ο
714 2143 760 2212 *Ρ
774 2147 822 2204 90.
844 2143 976 2220 Quibus

220 2224 367 2284 numeris
389 2224 480 2285 illurn
503 2242 543 2285 ex
565 2225 691 2300 eodem,
713 2241 778 2301 quo
800 2223 843 2278 *ο
865 2232 898 2283 et
919 2223 977 2298 ⁸1²,

222 2303 310 2364 fonte
345 2305 497 2365 hausisse
532 2315 628 2382 patet.
680 2303 838 2366 Ceterum
874 2303 975 2364 inter-

221 2384 438 2460 polationibus
460 2394 627 2462 tantopere
650 2393 768 2460 scatet,
793 2393 828 2444 ut
849 2383 883 2443 in
905 2393 974 2444 arte

181 2465 182 2468 ’
221 2465 332 2526 critica
362 2465 533 2526 iactitanda
563 2465 761 2542 perexiguus
783 2465 855 2525 eius
878 2474 975 2541 atque

221 2546 301 2606 adeo
323 2546 377 2606 vix
399 2547 486 2606 ullus
508 2564 589 2607 usus
611 2545 662 2606 sit.

280 2642 298 2681 e
317 2627 462 2687 omnium
485 2627 607 2687 saeculi
630 2635 662 2686 et
685 2626 744 2686 XV
760 2634 792 2685 et
810 2624 885 2685 XVI
908 2624 975 2685 edi-

220 2706 344 2766 tionum
367 2707 591 2767 vetustissima
621 2716 718 2783 atque
740 2705 832 2782 quasi
854 2722 974 2782 parens
1049 2777 1050 2784 ἵ

221 2797 280 2846 est.
318 2788 416 2864 Quod
438 2805 512 2848 cum
535 2786 722 2864 singillatim
745 2786 883 2863 probare
905 2786 974 2844 lon-

219 2883 295 2942 gum
327 2868 387 2944 sit,
423 2884 519 2945 quam
556 2867 714 2928 rationem
746 2867 779 2926 in
811 2865 973 2926 eiusmodi

221 2948 467 3024 quaestionibus
496 2948 677 3024 tenuerim,
705 2947 819 3024 paucis
841 2946 974 3023 quibus·

221 3028 293 3088 darn
325 3029 484 3106 exemplis
514 3038 716 3090 monstrasse
745 3026 896 3087 sufficiat.
939 3026 973 3087 Si

221 3126 285 3186 quo
316 3109 349 3170 in
380 3110 462 3171 libro
493 3109 620 3185 longior
650 3109 765 3168 lacuna
793 3115 860 3182 est,
890 3123 974 3183 quae

220 3190 407 3251 coniectura
429 3190 573 3267 suppleri
595 3206 662 3250 non
684 3188 804 3265 possit,
833 3187 924 3247 velut
944 3186 972 3246 si

220 3270 254 3329 in
283 3281 307 3332 ta
336 3274 407 3352 ⁶5³,
435 3270 535 3331 verba
565 3269 783 3331 inscrutabilis
811 3267 973 3343 sapientia

220 3387 380 3394 ...-——..

280 3444 289 3472 ¹
303 3443 358 3485 Vide
374 3443 448 3498 Harry
463 3443 579 3498 Bresslau,
595 3445 729 3497 Bemberger
743 3441 835 3485 Studien
860 3444 883 3485 ln
898 3442 972 3484 Neues

220 3495 301 3539 Archiv
323 3497 361 3538 der
381 3495 534 3541 Gesellschait
555 3498 592 3540 tur
613 3499 681 3540 liltore
702 3498 809 3540 deutsche
828 3473 972 3538 &esehlcnrs-

221 3550 302 3602 kunde,
318 3549 440 3592 Hannover
454 3552 499 3593 und
517 3551 607 3606 Leipzig
623 3552 683 3605 1896,
698 3550 745 3593 xxl
762 3563 785 3604 p.
802 3551 848 3593 172.

575 3639 616 3680 398
