2142 4172
97 645 182 703 lecta
196 641 302 702 Maria
316 640 511 719 Magdalena
530 640 634 701 oculis
649 640 720 700 visa
741 640 852 701 multis

97 750 175 801 sunt
196 740 340 801 lacrimis
361 747 532 800 umectata.

139 838 240 916 Igitur
270 839 375 898 adhuc
406 837 546 913 amplius
577 852 758 912 compunge
789 852 852 910 me,

97 935 259 1010 Domine,
281 935 320 994 ab
342 935 426 995 intra
452 935 485 994 in
508 933 723 1011 flagellatione
744 944 799 993 tua
820 944 852 994 et

95 1032 209 1092 stricta
230 1031 414 1109 alligatione
430 1048 504 1093 cum
520 1030 661 1091 restibus
676 1031 715 1091 ad
731 1031 875 1092 colum-5

96 1147 172 1190 nam
189 1129 397 1190 durissimam
413 1144 521 1188 coram
537 1127 649 1187 multis
663 1127 852 1203 astantibus,

96 1227 280 1290 ridentibus
316 1235 348 1286 et
383 1225 672 1302 exprobrantibuS‚
713 1224 770 1308 tibi
806 1224 851 1285 nil

97 1324 371 1401 compatientibus
392 1340 454 1383 nec
476 1322 763 1397 erubescentibus,
793 1322 852 1382 sed

95 1433 261 1498 tamquam
278 1439 377 1482 canes
400 1420 515 1481 furiosi
531 1436 626 1480 ovem
643 1419 851 1480 innocentem

95 1521 242 1581 lacerare
264 1519 416 1581 dentibus
438 1519 608 1594 cupientes
623 1518 760 1578 verbera
781 1536 888 1581 ver-ro

95 1618 230 1678 beribus
252 1617 445 1679 addiderunt
473 1625 505 1676 et
527 1616 657 1676 dolores
686 1616 852 1677 doloribus

95 1715 287 1776 inflixerunt
307 1724 339 1774 te
354 1713 435 1774 nihil
452 1713 693 1774 contradicente
715 1730 777 1774 nec
799 1731 853 1774 ex·

96 1812 274 1873 clamante:
296 1811 326 1873 0
343 1828 412 1887 vae,
428 1828 527 1887 ovae,
549 1828 650 1887 quare
660 1819 724 1871 tam
735 1811 853 1872 acriter

95 1910 266 1987 flagellatis
288 1909 368 1969 me?

138 2006 168 2068 Ο
191 2024 287 2084 quam
310 2023 426 2082 magna
447 2014 480 2066 et
500 2003 676 2066 ineffabilis
699 2005 888 2083 patientiam

96 2114 163 2180 tua,
186 2103 326 2164 Domine
350 2103 436 2178 lesu,
457 2101 490 2162 in
513 2110 600 2162 tanta
621 2102 798 2164 afflictione
820 2113 852 2164 et

96 2201 323 2263 cruentatione
354 2202 527 2261 vulnerum
559 2209 689 2260 tuorum
719 2217 776 2277 pro
799 2217 852 2260 ex·

95 2299 240 2376 piatione
262 2309 469 2376 peccatorum
489 2315 648 2359 meorum.
691 2298 757 2376 Ego
780 2316 853 2375 pec-

96 2395 180 2472 cavi,
202 2396 360 2473 Domine,
389 2406 422 2458 et
451 2407 485 2457 tu
508 2395 681 2473 flagellaris
709 2413 767 2472 pro
789 2413 851 2456 me.

96 2494 165 2570 Ego
181 2493 292 2571 inique
308 2493 371 2554 feci
388 2493 467 2554 etin
483 2493 595 2553 multis
609 2509 708 2568 saepe
719 2491 887 2569 offendi,ao

95 2600 130 2652 et
164 2600 198 2652 tu
231 2592 263 2652 in
294 2591 385 2651 nullo
414 2607 490 2651 reus
521 2591 560 2650 ab
591 2589 700 2666 impiis
731 2589 852 2650 iniuste

96 2688 339 2750 condemnaris.
382 2688 448 2765 Ego
470 2687 610 2749 inaniter
631 2704 729 2764 saepe
752 2687 852 2762 rideo,

94 2795 129 2845 et
151 2793 185 2845 tu
214 2785 352 2861 turpiter
380 2785 548 2846 derideris.
591 2785 657 2862 Ego
686 2786 770 2845 bene
798 2801 852 2845 ve-

94 2881 194 2942 stitus
224 2883 354 2958 placere
385 2882 480 2958 cupio
512 2881 782 2959 hominibus‚'et
817 2893 850 2943 tu

94 2979 206 3040 nudus
227 2979 441 3056 suspenderis
463 2996 536 3039 cum
560 2979 748 3040 latronibus.
785 2980 887 3057 Egozs

95 3092 215 3136 vescor
229 3076 324 3137 bonis
339 3075 421 3136 cibis
437 3085 468 3136 et
490 3075 630 3153 potibus,
652 3085 684 3137 et
705 3085 740 3137 tu
759 3087 851 3137 aceto

95 3183 130 3234 ct
153 3173 228 3233 felle
244 3174 366 3248 potaris
381 3174 595 3235 amarissimis
617 3174 649 3234 in
665 3192 720 3234 ara
735 3174 852 3236 crucis.

96 3271 164 3346 Ego
187 3271 313 3331 dormio
342 3271 375 3331 in
404 3271 493 3331 molli
523 3272 659 3348 lectulo,
690 3281 722 3331 et
752 3281 786 3331 tu
818 3273 850 3333 in

94 3367 178 3428 duro
201 3368 375 3444 sepulchro
397 3368 548 3444 sepeliris
562 3379 726 3446 tamquam
747 3370 852 3431 abiec·
958 3416 959 3420 ,

93 3476 149 3525 tus
171 3465 204 3524 in
226 3466 358 3526 mundo.
401 3465 467 3542 Ego
494 3465 591 3527 siccis
619 3467 724 3527 oculis
753 3484 887 3544 saepeao

94 3571 170 3622 ante
193 3579 324 3636 crucem
346 3573 487 3639 transeo,
510 3563 615 3624 Maria
636 3574 743 3626 autem
760 3566 850 3643 Mag·

455 3669 492 3711 arr
