2118 4180
60 432 458 543 Qfflrmz
481 431 790 542 &etiami

89 621 167 681 Hinc
188 621 246 681 tibi
269 621 383 681 laudes
404 620 624 696 amplissimas
652 639 692 682 ex
719 621 797 682 totis

53 719 192 780 medullis
214 718 323 780 cordis
344 718 409 777 mei
433 718 551 795 refero,
574 719 648 779 lesu
671 736 728 779 rex
750 718 797 777 in-

53 816 127 892 clite,
146 834 228 894 puer
249 817 407 893 amabilis,
429 818 605 877 obsecrans
619 826 707 878 tuam
728 818 797 877 dul·

53 915 199 990 cedinem‚
221 924 257 974 ut
277 924 352 974 tuae
375 923 505 975 sanctae
527 915 726 991 paupertatis
742 914 797 974 tri-

53 1012 121 1071 buas
142 1013 221 1072 mihi
246 1013 330 1072 dona
353 1013 451 1072 corde
473 1029 623 1072 amoroso
645 1011 795 1089 amplecti
819 1035 833 1075 s

52 1126 82 1168 ac
102 1110 231 1186 patienti
255 1110 362 1170 animo
382 1109 511 1186 inopiae
533 1109 700 1170 molestias
722 1127 796 1170 cum

52 1216 98 1267 tua
112 1208 211 1285 gratia
230 1207 386 1284 perferre.
421 1206 469 1267 Tu
487 1208 527 1267 de
550 1208 640 1268 caelo
663 1208 797 1268 deseen-

52 1304 126 1380 disti,
147 1315 182 1365 ut
204 1305 292 1364 illam
309 1303 405 1364 nobis
419 1303 590 1363 amabilem
608 1304 744 1381 laceres,
766 1315 797 1367 et

52 1418 162 1478 pauper
183 1402 223 1463 de
246 1411 358 1462 nostro
381 1401 486 1463 lactus
507 1418 561 1478 es,
590 1403 644 1479 qui
667 1421 798 1481 semper

52 1497 85 1556 de
104 1508 157 1559 tuo
179 1498 273 1558 dives
295 1516 331 1558 ac
354 1499 471 1574 plenus
493 1516 695 1574 perseveras
809 1522 833 1565 ιο

86 1595 189 1655 Laudo
221 1604 253 1655 te
282 1594 453 1671 magnifice
483 1613 542 1673 pro
573 1600 796 1676 assumptione

51 1693 239 1769 paupertatis
268 1702 299 1752 et
329 1693 510 1770 fragilitatis
534 1705 681 1772 nostrae,
710 1699 796 1775 quod

51 1797 105 1848 tam
133 1807 227 1850 caros
255 1808 316 1852 nos
345 1791 555 1868 existimasti,
586 1803 620 1853 ut
648 1795 796 1871 deposito

51 1888 137 1963 regali
161 1888 342 1949 diademate
365 1888 450 1948 inter
471 1889 556 1951 lilios
578 1890 680 1951 Adam
704 1893 796 1969 quasi

50 2000 125 2044 unus
160 2002 200 2045 ex
234 1985 315 2061 ipsis
350 1985 500 2063 dignatus
535 2005 572 2048 es
607 1990 833 2067 computariis

50 2083 270 2144 communione
286 2083 412 2144 scilicet
428 2084 551 2161 fragilis
565 2096 709 2164 naturae,
726 2090 797 2149 abs-

50 2194 105 2253 que
125 2190 233 2241 tamen
256 2180 344 2241 omni
368 2181 438 2241 labe
461 2183 575 2258 culpae
591 2201 723 2262 semper
737 2185 796 2244 im-

50 2279 148 2338 munis
168 2278 401 2355 permanendo.

228 2488 500 2566 [enprrvuvm
523 2492 607 2569 vn]

174 2632 221 2691 De
241 2632 401 2707 vagitibus
423 2633 559 2710 infantis
581 2635 659 2695 Iesu.
805 2658 832 2698 aa

14 2769 15 2788 ³
49 2721 287 2945 &medico
309 2793 341 2844 et
357 2785 476 2861 gratias
491 2786 633 2862 egotibi,
656 2787 796 2848 Domine

170 2881 245 2941 lesu
262 2881 407 2959 Christe,
428 2883 581 2960 gaudium
597 2886 796 2961 angelorum,

49 2976 196 3037 solacium
219 2978 426 3057 miserorum,
447 2998 505 3057 pro
528 2982 671 3043 lacrimis
693 2993 724 3043 et
744 3001 796 3043 va-

49 3072 158 3146 gitibus
192 3075 347 3136 infantiae
382 3086 476 3154 tuae,
511 3079 630 3156 quibus
665 3089 797 3155 peccata

51 3167 179 3233 liliorum
202 3172 293 3234 Adae
315 3174 463 3235 dolenter
485 3176 669 3252 deplorasti.
712 3178 833 3237 Mirans

51 3285 96 3328 res
116 3281 146 3331 et
168 3272 328 3348 stupenda
345 3273 496 3349 dignatio,
518 3274 604 3351 quod
621 3275 712 3334 Deus
726 3292 797 3350 par-

51 3367 136 3427 vulus
151 3369 237 3445 vagit
252 3369 284 3429 in
301 3371 410 3447 cunis3
432 3388 529 3448 quem
545 3372 676 3432 laudant
690 3373 795 3449 angeli

53 3459 79 3519 in
93 3466 199 3541 caelis,
221 3467 306 3544 sugit
321 3469 422 3528 ubera
439 3469 561 3544 matria,
583 3478 619 3529 ut
633 3471 797 3545 mortalis;

53 3561 99 3633 qui
119 3564 329 3626 substantiam
353 3567 438 3628 vitae
458 3568 619 3628 ministrat
634 3569 796 3644 omnibus

88 3669 174 3710 litamus
188 3683 201 3710 a
217 3672 244 3710 K.
261 3671 319 3714 ileu.
409 3673 432 3714 17
677 3673 690 3713 2
