2194 4180
336 375 977 490 *ffl311‚‘1‚7.ffl

269 567 365 628 Nunc
387 584 465 644 ergo
486 583 572 627 novo
596 566 727 628 fervore
749 577 781 628 et
796 567 911 628 maiori
927 569 983 628 de-

227 665 359 726 votione
385 665 491 726 laudis
520 674 596 725 tuae
625 683 813 726 cormeum
837 667 982 727 accende

225 771 258 823 et
289 780 465 838 conserva,
500 771 535 823 ut
565 763 691 824 abiecta
721 764 810 824 omni
839 764 982 826 vanitate

225 870 355 921 terrena
376 860 499 921 discam
515 878 658 938 superna
673 878 831 938 quaerere
853 871 886 922 et
905 879 981 922 cum

202 958 331 1022 slllaria
345 967 477 1019 aeterna
491 975 618 1034 sapere,
640 957 750 1018 divina
766 959 981 1036 contemplari

224 1066 257 1117 et
287 1056 320 1117 in
350 1064 383 1116 te
414 1056 484 1115 solo
516 1056 672 1116 exultare.
724 1055 752 1117 Ο
789 1057 864 1134 quis
899 1057 980 1117 mihi

223 1154 340 1231 exiguo
363 1154 417 1214 det
436 1153 499 1213 ista
520 1152 678 1214 intentius
694 1153 835 1230 cogitare
857 1163 890 1214 et
910 1153 981 1214 diu-

223 1251 289 1311 tius
319 1250 373 1311 hic
404 1268 478 1311 cum
502 1251 645 1311 Domino
669 1252 743 1312 lesu
773 1251 981 1327 commorari,

223 1358 258 1409 ut
284 1357 372 1409 totus
400 1348 543 1409 mundus
574 1365 648 1409 cum
679 1349 751 1410 suis
780 1348 981 1410 amatoribus

189 1470 213 1511 10
223 1444 303 1505 milri
326 1455 506 1506 amarescat
527 1454 560 1506 et
581 1464 600 1506 a
621 1446 780 1507 memoria
794 1463 867 1507 mea
882 1447 981 1508 citius

223 1553 407 1606 evanescat.

263 1640 292 1703 Ο
315 1641 449 1718 utinam,
471 1642 662 1704 dulcissime
685 1642 776 1718 lesu,
805 1659 879 1702 cum
908 1642 980 1702 dul-

221 1738 355 1800 cissima
365 1739 471 1800 Maria
481 1749 584 1800 matre
599 1748 655 1800 tua
669 1748 702 1800 et
716 1738 841 1815 angelis
856 1737 981 1798 sanctis

221 1835 287 1896 tuis
317 1836 398 1897 mihi
429 1853 506 1913 prae
537 1836 691 1897 omnibus
718 1837 848 1912 placeas
876 1845 909 1896 et
930 1835 981 1895 in·

187 1954 212 1994 ιε
222 1934 409 2009 dulcescas,
447 1950 504 1994 cor
538 1951 648 1994 meum
684 1933 773 1994 intus
808 1933 981 2010 accendas

220 2031 352 2108 saepius
373 2031 503 2107 visites,
532 2030 698 2108 copiosius
720 2031 912 2107 benedicas,
943 2031 979 2091 in

220 2131 394 2192 devotione
416 2130 582 2191 custodias
604 2130 696 2190 etad
726 2128 880 2190 caelestia
900 2145 979 2204 gau·

220 2227 272 2287 dia
301 2237 375 2305 post
405 2227 505 2288 huius
535 2228 620 2288 vitae
651 2227 839 2304 gravamina
873 2226 913 2286 ad
943 2235 978 2286 te

219 2343 336 2386 secure
358 2326 529 2403 perducas.
572 2325 638 2403 Qui
661 2324 747 2386 vivis
768 2332 829 2384 etc.

182 2550 210 2592 ao
407 2533 678 2612 [CAPITVLVM
701 2534 785 2611 vll]

218 2668 264 2728 De
278 2668 483 2744 apparitione
502 2667 619 2729 Christi
633 2684 740 2728 coram
755 2671 868 2727 sancto
883 2667 978 2728 Petro

239 2767 273 2826 in
294 2770 412 2826 secreto
433 2771 465 2827 et
484 2767 524 2826 de
544 2782 639 2826 cursu
659 2765 728 2825 eius
749 2781 820 2825 cum
841 2769 956 2825 sancto

520 2864 672 2924 Iohanne.

219 2957 466 3180 &medico
481 3025 514 3076 et
528 3014 648 3092 gratias
667 3031 726 3091 ago
741 3013 810 3089 tibi,
833 3012 977 3074 Domine

180 3137 208 3179 25
343 3115 417 3175 lesu
429 3113 574 3189 Christe,
585 3129 714 3174 summe
724 3121 976 3188 pastorsanctae

218 3211 378 3272 ecclcsiae
415 3221 447 3272 et
478 3210 584 3271 fidelis
615 3210 764 3287 pontiiex
794 3209 833 3269 ad
866 3208 975 3268 Deum

217 3324 275 3383 pro
306 3307 419 3383 nobiS,
450 3325 508 3385 pro
539 3318 595 3369 tua
625 3307 765 3368 maxima
793 3306 912 3382 pietate
941 3314 977 3365 et

217 3405 374 3465 ineffabili
397 3403 633 3479 misericordia,
656 3421 753 3482 quam
783 3402 976 3464 beatissimo

218 3503 314 3562 Petro
330 3503 477 3579 apostolo
488 3511 544 3562 tuo
555 3501 656 3562 variis
667 3501 774 3562 modis
784 3499 976 3575 exhibuisti,

575 3605 616 3648 asa
