2194 4180
220 627 276 670 ora
293 611 421 670 Patrem
437 610 612 670 caelestem
634 629 692 687 pro
710 612 795 671 bono
817 610 905 671 exitu
927 612 977 672 tui

220 708 398 784 incolatus3
420 707 514 768 flecte
529 724 604 767 cum
621 708 696 768 lesu
710 724 826 785 genua,
843 708 978 783 procide

220 807 253 867 in
277 806 393 867 faciem
416 817 504 866 tuam
520 823 621 882 super
641 816 771 882 terram,
792 806 921 882 resigna
944 817 978 867 tc

220 904 252 964 in
275 921 392 964 manus
415 904 475 964 Dei
499 913 531 963 et
552 903 603 963 dic
632 905 713 963 haec
736 903 980 980 perfectissima

196 1000 346 1061 sChristi
370 1002 485 1061 verba:
510 1002 615 1077 Pater,
636 1018 703 1061 non
724 1018 814 1076 mea,
842 1002 899 1061 sed
919 1010 980 1062 tua

220 1099 371 1158 voluntas
400 1098 463 1159 fiat.
508 1099 581 1176 lpse
610 1099 698 1159 enim
727 1098 818 1158 novit
847 1097 979 1174 melius

220 1205 328 1256 utrum
351 1196 463 1256 vivere
485 1214 525 1256 an
548 1197 630 1256 mori
653 1197 709 1257 tibi
733 1196 775 1256 sit
803 1196 979 1257 salubrius.

221 1295 310 1371 Roga
319 1312 450 1371 quoque
461 1296 673 1358 adventantes
684 1294 801 1354 fratres
815 1304 848 1353 et
862 1293 979 1355 fideles

220 1408 345 1466 omnes,
367 1403 402 1452 ut
422 1403 531 1453 tecum
553 1392 689 1470 vigilent
709 1392 742 1452 in
765 1391 980 1468 orationibus,

130 1543 132 1546 .
186 1509 211 1551 ro
220 1506 262 1550 ne
277 1490 400 1551 inimici
418 1491 585 1552 fraudibus
600 1490 795 1550 molesteris.
832 1491 978 1551 Recurre

221 1587 254 1646 in
276 1587 364 1648 omni
394 1589 542 1665 angustia
571 1588 610 1649 ad
633 1588 741 1648 lesum
773 1596 805 1648 et
836 1605 979 1664 sequere

220 1685 416 1746 baiulantem
448 1686 509 1746 sibi
542 1702 673 1746 crucem
704 1702 809 1762 usque
839 1686 878 1745 ad
913 1687 980 1746 cal-

221 1783 329 1843 variae
359 1784 476 1844 locum.
521 1783 566 1842 lbi
595 1783 656 1860 fige
683 1783 854 1844 stationem
877 1792 980 1859 tuam,

221 1882 264 1942 ibi
287 1883 371 1959 elige
399 1881 575 1942 terminare
603 1882 720 1957 vitam,
750 1881 793 1942 ibi
824 1882 914 1941 trade
944 1891 979 1941 et

187 1992 212 2034 1⁵
221 1981 371 2058 spiritum
393 1990 495 2040 tuum.
526 1980 616 2040 Pone
631 1980 817 2056 passionem
840 1988 872 2038 et
891 1995 979 2038 mor·
1002 2021 1009 2032 .

221 2091 286 2140 tem
317 2080 392 2140 Iesu
414 2078 500 2139 inter
521 2088 552 2138 te
582 2087 614 2138 et
641 2077 798 2138 iudicium
831 2077 978 2137 futurum

221 2187 253 2238 et
281 2177 408 2253 respice
437 2176 662 2236 indesinenter
693 2176 732 2235 ad
761 2174 978 2236 Crucifixum.

222 2275 346 2336 Contra
367 2274 484 2334 diaboli
513 2284 656 2335 terrores
684 2274 801 2334 invoca
822 2274 896 2334 Iesu
918 2290 979 2333 no·

222 2390 298 2433 men
320 2383 351 2432 et
373 2383 504 2433 sanctae
526 2373 634 2432 crucis
658 2373 731 2432 leva
759 2372 897 2449 signum.
942 2371 978 2432 Si

184 2470 276 2531 mille
299 2469 455 2530 obiecerit
477 2469 533 2529 tibi
556 2470 641 2528 mala
655 2469 828 2544 praeterita
850 2478 881 2528 et
901 2486 982 2544 pec·
1090 2449 1091 2462 ἶ

221 2578 291 2628 cata
321 2567 439 2642 multa,
473 2576 508 2627 tu
539 2566 662 2642 replica
691 2565 818 2626 infinita
849 2565 978 2627 Christi

222 2665 347 2726 merita.

260 2762 429 2823 Memento
445 2763 541 2823 etiam
558 2773 683 2840 septem
699 2763 874 2823 verborum
891 2763 980 2839 lesu,

220 2876 303 2937 quae
325 2860 358 2919 in
381 2877 478 2921 cruce
496 2878 555 2937 pro
570 2870 626 2921 tua
641 2861 871 2921 informatione
886 2859 979 2921 dixit.

184 2978 212 3020 as
222 2955 335 3016 Statim
351 2974 492 3034 namque
510 2969 545 3019 ut
555 2976 687 3019 crucem
702 2958 858 3033 ascendit,
873 2958 982 3018 oravit
1088 3003 1089 3030 2

221 3071 279 3128 pro
303 3054 446 3115 inimicis
467 3056 668 3133 indulsitque
690 3055 911 3132 peccantibus,
943 3067 982 3116 ut

221 3161 254 3210 tu
277 3153 404 3212 cunctis
426 3153 626 3214 debitoribus
654 3154 720 3214 tuis
749 3171 789 3213 ex
811 3153 908 3213 corde
931 3154 981 3213 di-

222 3248 330 3309 mittas
351 3260 383 3310 et
404 3251 521 3311 iterum
544 3252 601 3312 tibi
623 3260 715 3328 petas
736 3251 871 3329 ignosci.

262 3345 413 3407 Secundo
455 3349 570 3409 latroni
614 3349 780 3410 confitenti
827 3349 983 3425 promisit

184 3461 211 3503 ao
221 3445 449 3506 amoenitatem
465 3447 616 3523 paradisi,
639 3457 674 3507 ut
688 3457 722 3507 tu
738 3464 803 3506 non
819 3447 982 3523 desperes
1086 3517 1087 3522 γ

222 3542 262 3600 ob
277 3543 466 3618 gravitatem
483 3544 745 3620 commissorum,
765 3543 823 3603 sed
839 3542 984 3606 fidenter

581 3647 620 3688 raa
