2118 4180
232 575 353 638 siderio
369 579 518 639 retardet.
540 577 658 657 Arripe
674 580 836 658 llagellum
853 583 893 643 de
906 583 989 643 luni·
1049 599 1050 602 ’

232 674 315 734 culis
329 674 457 736 timoris
475 675 522 736 tui
545 676 730 737 conlectum
753 687 785 738 et
806 680 935 756 expelle
956 681 987 740 in

232 771 307 831 lorti
328 772 400 832 zelo
422 790 538 834 omnes
552 775 739 851 phantasias
761 786 794 837 et
815 778 988 854 spurcitias

231 869 367 946 diaboli,
389 888 470 958 quas
492 872 682 949 frequenter
703 873 735 934 in
758 876 900 937 ecclesia
921 894 988 938 ora-

207 968 330 1028 stionis
360 977 507 1045 tempore
538 969 703 1046 pessimus
733 983 895 1035 mercator
926 975 988 1034 dia-

231 1066 325 1126 bolus
347 1074 511 1126 ostentare
533 1067 626 1143 solet,
648 1084 690 1128 ne
711 1069 819 1131 anima
834 1088 907 1131 mea
921 1090 988 1149 gra·

230 1165 315 1225 viter
328 1172 482 1241 temptata
497 1172 529 1223 et
543 1164 636 1224 vanis
652 1164 860 1228 illusionibus
875 1169 989 1230 allecta

230 1263 264 1324 in
293 1279 492 1324 consensum
522 1262 658 1322 ducatur
685 1272 782 1340 atque
809 1266 989 1344 improvida

230 1359 403 1436 iuguletur.
446 1360 622 1438 Succurre,
645 1360 719 1420 lesu
742 1360 937 1443 fortissime,
958 1375 988 1428 et

196 1472 220 1513 ro
231 1475 296 1518 non
325 1476 378 1519 me
406 1459 575 1536 permittas
602 1477 621 1519 a
651 1459 777 1537 laqueis
807 1460 927 1522 diaboli
958 1471 989 1521 et

230 1555 360 1632 propria
388 1555 557 1633 iniquitate
586 1557 725 1617 devinci.
769 1557 989 1619 Praeservaa

230 1654 326 1729 malo,
348 1654 495 1714 conforta
514 1653 659 1729 inbono,
680 1661 715 1713 ut
734 1663 887 1715 aeternae
902 1655 988 1715 dam-

230 1751 372 1811 nationis
393 1752 527 1812 evadam
553 1751 698 1828 pericula
726 1761 758 1812 et
786 1761 895 1813 tecum
918 1770 988 1830 per-

229 1866 302 1926 gam
324 1848 358 1909 in
374 1848 524 1909 caelestis
541 1848 717 1909 lemsalem
733 1857 866 1908 aeterna
884 1850 988 1910 taber·
1051 1847 1052 1892 i

196 1961 220 2003 rs
231 1946 356 2006 nacula.

396 2058 666 2136 [CAPITVLVM
692 2060 823 2138 XXlll.]

228 2193 275 2252 De
295 2209 374 2253 cena
394 2193 582 2265 Dominica,
611 2193 645 2253 in
673 2209 739 2269 qua
763 2196 840 2268 post
866 2208 986 2268 agnam

229 2291 369 2366 typicum
398 2290 542 2352 Christus
564 2290 651 2350 lesus
679 2289 820 2351 instituit
846 2290 987 2367 corporis

329 2393 361 2448 et
379 2389 548 2464 sangoinis
568 2387 620 2448 sai
640 2392 886 2448 sacramentum.

191 2567 218 2608 20
230 2481 476 2702 &medico
498 2549 531 2600 et
544 2539 664 2617 gratias
678 2555 737 2616 ago
752 2539 821 2615 tibi,
844 2539 985 2600 Domine
1052 2527 1053 2530 '

361 2638 435 2698 lesu
458 2638 608 2713 Christe,
633 2636 727 2713 panis
748 2636 834 2696 vitae
856 2646 889 2697 et
912 2637 986 2698 lons

227 2753 330 2813 aquae
348 2735 509 2812 salutaris,
530 2752 588 2812 pro
603 2744 659 2795 tuo
674 2733 896 2794 sacratissimo
912 2751 987 2795 con·

227 2831 315 2892 vivio
339 2832 473 2892 ultimae
495 2849 595 2893 cenae
617 2848 691 2892 cum
716 2830 888 2907 discipulis
911 2832 987 2907 tuis,

228 2931 314 3008 quod
336 2929 391 2990 diu
413 2947 529 3007 magno
552 2947 625 2990 cum
641 2928 804 2991 desiderio
820 2929 987 2990 celebrare

190 3048 217 3090 25
227 3027 430 3104 desiderasti,
453 3029 581 3106 quando
596 3037 641 3103 tu,
664 3026 815 3102 Domine,
830 3043 889 3087 rex
905 3027 985 3088 caeli

228 3135 260 3186 et
278 3135 395 3202 terrae,
417 3143 491 3186 cum
506 3125 713 3203 pauperculis
733 3123 799 3184 illis
815 3123 987 3201 discipulis

227 3233 259 3285 et
280 3223 380 3301 impio
397 3223 476 3284 luda
494 3231 666 3299 praesente
688 3221 721 3282 in
741 3221 855 3281 eadem
871 3238 986 3282 mensa

227 3331 260 3382 et
281 3339 322 3382 cx
343 3321 458 3381 eodem
481 3337 546 3380 uno
569 3319 674 3380 catino
697 3317 820 3378 cenasti
845 3326 878 3377 et
902 3318 988 3379 inter

227 3419 451 3496 prandendum
484 3434 596 3477 sacrae
628 3413 864 3477 exhortationis
888 3416 988 3477 verba

190 3516 367 3583 sodulciter
397 3514 560 3593 protulisti
596 3513 769 3591 ipsumque
801 3511 914 3572 ludam
946 3513 986 3572 de

593 3619 621 3662 ts
