2142 4172
96 432 852 547 &Quam

94 625 158 684 bus
189 642 206 683 a
235 624 385 684 fidelibus
414 625 480 684 tuis
508 625 648 686 iucunda
677 624 850 686 devotione

94 719 254 780 celebrari
283 720 418 781 iussisti.
461 722 497 782 ln
526 723 587 782 hac
613 722 775 800 siquidem
798 723 850 784 die

94 818 174 879 olim
203 819 354 895 primitus
382 836 441 895 per
463 819 604 897 Moysen
633 820 706 880 data
727 829 777 880 est
799 821 851 880 lex

93 916 129 976 in
152 925 262 977 monte
278 916 366 977 Sinai
388 917 508 993 populo
530 926 586 977 tuo
602 917 702 977 lsrael
717 934 850 994 egresso

93 1013 137 1073 de
159 1023 244 1074 terra
258 1013 398 1091 Aegypti
420 1032 438 1073 a
459 1014 547 1092 gravi
565 1031 666 1075 onere
683 1014 872 1078 servitutiss

93 1111 231 1171 liberato
253 1112 292 1171 ad
314 1111 562 1172 sacrificandum
584 1112 641 1172 tibi
658 1113 690 1172 in
711 1113 851 1188 deserto,

93 1209 148 1268 cui
172 1209 268 1269 etiam
291 1210 407 1270 dedisti
431 1211 526 1271 dulce
547 1228 665 1271 manna
691 1212 788 1271 edere
810 1212 850 1270 de

93 1307 196 1366 caelo.
226 1306 277 1368 Ob
300 1307 394 1368 cuius
416 1308 605 1369 memoriam
623 1318 779 1385 perpetue
802 1327 850 1370 re-

93 1405 265 1465 colendam
297 1405 490 1482 praecepisti
522 1405 659 1482 singulis
692 1407 786 1467 annis
817 1407 849 1467 in

92 1505 156 1562 hac
179 1503 359 1563 honorabili
382 1503 433 1563 die
453 1520 575 1563 novum
591 1503 787 1564 sacrificium
810 1505 849 1565 de
863 1520 886 1562 ro

92 1600 191 1660 novis
203 1599 349 1677 frugibus
357 1610 463 1661 terrae
471 1619 529 1677 pro
540 1601 713 1678 gratiarum
723 1602 849 1662 actione

94 1698 153 1758 tibi
177 1698 298 1759 offerri.

137 1795 201 1855 Sed
232 1813 319 1857 nunc
350 1796 382 1857 in
412 1814 497 1857 novo
525 1805 736 1872 testamento,
764 1807 850 1873 post·

92 1912 192 1971 quam
222 1894 254 1954 in
284 1896 410 1954 caelum
439 1911 537 1971 supra
565 1894 766 1955 altitudinem
797 1912 851 1955 an·

91 1992 241 2070 gelorum
257 1991 484 2068 potentissime
499 1991 685 2066 ascendisti,
702 1992 850 2068 ampliori
861 2007 888 2054 ts

92 2090 197 2168 gratia
227 2099 259 2150 et
289 2107 426 2150 munere
462 2091 549 2150 hunc
580 2099 727 2150 sanctum
764 2090 849 2150 diem

94 2188 283 2262 illustrasti,
311 2186 505 2248 benedixisti
535 2197 567 2247 et
596 2187 794 2247 consecrasti
819 2199 851 2247 et

93 2303 155 2362 pro
186 2286 272 2345 dulci
304 2303 422 2345 manna
450 2285 568 2345 misisti
600 2284 755 2361 apostolis
785 2284 850 2344 tuis

93 2381 252 2458 Spiritum
275 2392 423 2443 sanctum
440 2383 558 2443 visibili
582 2383 674 2459 signo
697 2382 736 2442 de
759 2383 849 2442 caelo

93 2496 170 2539 cum
202 2480 311 2540 sonitu
342 2497 458 2557 magno
487 2480 717 2556 apparentibus
745 2479 886 2556 igneiszo

93 2577 216 2653 linguis
238 2595 336 2654 supra
357 2580 503 2657 singulos
526 2597 656 2654 eorum,
682 2588 717 2639 ut
738 2587 850 2638 essent

92 2677 184 2736 intus
194 2677 327 2737 caritate
336 2678 452 2738 lervidi
464 2688 495 2739 et
505 2679 584 2738 foris
597 2677 636 2738 ad
650 2677 848 2754 loquendum

92 2775 235 2850 prompti
258 2785 290 2836 et
313 2776 453 2851 facundi,
475 2777 632 2836 audenter
648 2775 757 2834 omnia
778 2792 850 2851 pro-

94 2872 257 2947 ferentes,
281 2883 376 2948 prout
399 2873 539 2949 Spiritus
560 2882 692 2933 sanctus
714 2872 850 2948 inspira-

93 2974 149 3032 bat
170 2981 202 3032 et
231 2973 324 3054 dabat
352 2973 460 3049 eloqui
484 2973 549 3033 illis
572 2972 731 3048 magnalia
752 2988 886 3047 operam

93 3080 166 3144 tua,
194 3087 277 3146 quae
300 3079 452 3146 operatus
480 3087 516 3138 es
543 3069 685 3147 gloriose
710 3069 742 3129 in
765 3079 850 3129 terra

93 3177 207 3229 sancta
238 3185 296 3243 pro
327 3168 431 3228 salute
463 3177 583 3228 nostra.
633 3168 731 3227 Erant
762 3168 848 3227 enim

94 3266 197 3326 multa
206 3265 300 3326 valde
316 3276 348 3326 et
362 3267 550 3327 hominibus
560 3266 762 3343 incapabilia,
779 3267 849 3326 Deo

93 3371 203 3423 autem
219 3363 328 3423 omnia
342 3364 510 3439 possibilia
525 3372 556 3424 et
572 3363 734 3425 facillima.
758 3364 849 3426 Tunc

93 3461 264 3536 impletum
288 3471 354 3536 est,
383 3461 468 3538 quod
490 3461 649 3537 praedixit
671 3463 772 3523 lsaias
793 3481 886 3523 no·so

94 3559 171 3618 bilis
186 3560 344 3635 propheta
358 3559 487 3619 dicens:
512 3560 560 3619 De
577 3559 656 3620 Sion
674 3559 773 3619 exibit
788 3560 849 3634 lex,

452 3664 493 3705 aas
