2152 4174
235 445 987 555 Quoiam&

427 692 697 770 [cnorrvtvn
722 693 788 770 xi]

289 842 507 902 Praesentotio
530 847 562 901 et
583 842 682 902 statio
703 842 834 903 Domini
854 843 925 902 iesu

482 963 589 1008 coram
612 947 727 1008 Pilato.

229 1060 474 1281 &medico
497 1125 529 1176 et
543 1116 663 1193 gratias
677 1133 736 1192 ago
751 1117 820 1192 tibi,
844 1115 989 1176 Domine

205 1240 219 1279 5
359 1216 434 1275 Iesu
452 1213 596 1291 Christe,
617 1214 798 1274 iustissime
820 1213 918 1274 iudex
940 1214 991 1274 vi·

228 1329 342 1373 vorum
365 1329 401 1372 ac
423 1320 636 1388 mortuorum,
658 1328 716 1387 pro
738 1310 911 1370 confusiva
932 1310 991 1370 illa

228 1409 488 1487 praesentatione
509 1419 564 1470 tua
581 1427 689 1470 coram
707 1409 809 1470 Pilato
825 1409 990 1485 praeside.
1071 1445 1072 1450 κ

208 1506 396 1583 ,Siquidem
435 1524 530 1567 mane
568 1507 651 1567 iacto
690 1508 770 1568 hora
806 1507 988 1583 primarum

227 1605 462 1666 convenientes
484 1606 581 1666 simul
602 1605 635 1665 in
651 1622 751 1666 unum
767 1621 883 1664 omnes
898 1603 990 1680 prin·

194 1728 217 1768 ro
228 1705 318 1780 cipes
347 1704 551 1765 sacerdotum
582 1711 613 1762 et
639 1702 719 1762 inito
742 1701 886 1778 pessimo
909 1718 989 1761 con-

227 1801 318 1877 silio,
346 1812 381 1862 ut
402 1811 435 1862 te
456 1800 552 1861 morti
574 1800 755 1875 traderent,
783 1816 842 1876 per
867 1815 989 1859 manus

227 1899 376 1958 lictorum
399 1915 533 1958 suorum
553 1897 696 1957 vinculis
718 1897 906 1957 innodatum
927 1899 988 1957 ho·

227 1998 306 2058 mini
336 1997 565 2058 incircumciso
595 2014 631 2056 ac
653 1995 765 2073 gentili
788 1994 928 2071 praesidi
953 2005 988 2055 te

226 2096 413 2157 obtulerunt
431 2093 635 2171 gravissimis
654 2092 917 2153 accusationibus
937 2091 989 2151 in·

193 2219 216 2260 15
227 2193 411 2254 nocentiam
420 2201 507 2252 tuam
517 2191 731 2267 inculpantes,
742 2189 990 2250 malefactorem

227 2308 264 2350 ac
278 2291 385 2367 gentis
407 2305 486 2350 suae
506 2288 737 2348 subversorem
760 2287 918 2347 audentes
941 2286 991 2346 di·

227 2403 312 2462 cere,
334 2403 431 2463 quem
448 2386 625 2461 prophetae
640 2385 743 2446 sancti
759 2385 836 2445 olim
859 2383 990 2460 magnis

227 2485 357 2545 laudum
376 2483 559 2561 praeconiis
582 2483 693 2543 mundi
717 2483 910 2542 salvatorem
934 2499 990 2542 ce·

227 2582 387 2643 cinerunt.

190 2710 217 2750 20
268 2678 296 2740 O
320 2679 482 2740 horrenda
498 2679 690 2740 Iudaeorum
709 2677 870 2754 impietas,
892 2677 988 2737 inno·

228 2785 355 2836 centem
373 2775 464 2836 iaisis
480 2776 644 2836 criminari
655 2774 804 2851 testibus,
819 2784 987 2835 auctorem
1071 2767 1072 2772 ’

228 2874 313 2934 vitae
344 2874 429 2933 velle
463 2873 632 2948 occidere,
668 2872 838 2934 Christum
875 2889 987 2949 regem

227 2982 339 3049 petere
355 2970 510 3047 crucifigi,
532 2980 680 3032 sanctum
697 2980 728 3031 et
744 2971 865 3032 iustum
882 2979 988 3031 morte

227 3069 416 3147 turpissima
429 3078 539 3145 optare
555 3068 709 3129 damnari.
733 3068 989 3129 Coniundantur

190 3176 260 3232 aset
282 3175 494 3226 revereantur
515 3183 640 3242 omnes,
662 3165 717 3242 qui
736 3174 768 3226 te
782 3183 987 3242 persequun-

226 3273 295 3339 tur,
325 3265 479 3340 quoniam
509 3263 596 3341 digni
626 3272 702 3323 sunt
731 3262 892 3323 deteriora
921 3263 986 3339 pati

227 3361 396 3437 supplicia.

269 3460 376 3520 Laudo
399 3469 431 3520 et
452 3459 598 3537 glorifico
620 3467 669 3534 te,
691 3459 876 3519 venerande
901 3460 986 3534 lesu,

227 3574 284 3634 pro
307 3574 423 3634 magna
444 3574 571 3617 morum
601 3565 730 3617 tuorum
760 3556 920 3632 probitate
949 3574 985 3616 ac
