2118 4180
244 437 981 548 Qmuuuffiffi
1042 536 1043 540 a

238 626 325 686 enim
363 635 413 686 est
444 624 530 686 aliud
561 642 681 685 nomen
714 626 775 683 sub
811 626 901 685 caelo
937 625 987 684 ho·
1038 563 1043 649 1

238 722 381 782 minibus
403 723 522 799 datum,
545 723 577 783 in
598 740 662 800 quo
682 731 828 798 oporteat
849 740 910 782 nos
933 723 988 782 sal·
1041 738 1044 765 =

237 838 297 880 vos
320 820 400 880 lieri.
1043 898 1045 909 Ι

278 918 351 977 lure
373 935 450 995 ergo
472 919 529 979 tibi
548 919 695 979 flectatur
710 935 807 979 omne
821 936 907 995 genu
923 935 988 978 cae·
1042 918 1045 937 '

201 1016 385 1092 slestium,
416 1017 619 1078 terrestrium
650 1026 681 1076 et
709 1017 931 1091 iniemorum3
960 1025 988 1074 et
1042 1016 1046 1094 l

237 1113 344 1172 omnis
359 1113 468 1190 lingua
484 1114 685 1189 confiteatur,
708 1113 783 1191 quia
797 1121 831 1174 tu
848 1131 885 1174 es
901 1114 988 1174 lesus

238 1209 413 1287 Christus,
454 1213 544 1271 salus
586 1220 617 1271 et
657 1211 837 1287 redemptio
873 1220 988 1271 nostra.
1042 1162 1048 1239 ι

238 1307 267 1369 Ο
290 1306 480 1369 dulcissime
504 1309 593 1384 Iesu,
615 1327 711 1387 quam
734 1309 922 1369 admirabile
944 1317 989 1368 est
1043 1325 1047 1387 l

237 1425 357 1468 nomen
379 1417 470 1469 tuum
494 1409 526 1468 in
550 1409 703 1469 universa
724 1407 826 1467 terrai
870 1406 990 1483 Magni·
1045 1437 1046 1441 =

204 1506 367 1571 roiicatum
390 1516 440 1566 est
461 1507 623 1584 siquidem
639 1522 758 1566 nomen
781 1514 872 1565 tuum
896 1520 990 1579 super
1043 1458 1047 1541 i

237 1620 357 1663 nomen
374 1602 558 1663 Salomonis
581 1613 612 1663 et
634 1620 734 1678 super
753 1619 868 1662 omnes
890 1618 990 1679 reges,
1043 1593 1048 1693 i

238 1701 292 1778 qui
316 1711 390 1761 ante
412 1719 487 1762 eum
511 1701 659 1776 fuerunt,
688 1709 720 1760 et
746 1700 801 1776 qui
824 1709 897 1775 post
919 1717 989 1759 eum

238 1799 400 1875 regnaturi
423 1809 508 1858 sunt.
539 1799 615 1858 Ideo
637 1798 815 1859 adorabunt
831 1807 863 1858 te
880 1814 990 1858 omnes
1044 1762 1048 1841 i

238 1912 331 1971 reges
354 1904 476 1971 terrae3
498 1904 529 1955 et
550 1913 665 1956 omnes
685 1895 790 1955 tribus
812 1905 844 1955 et
866 1896 990 1972 linguae

205 1991 383 2054 isservient
404 1992 479 2067 tibi,
505 1993 582 2069 quia
602 2002 636 2052 tu
659 2010 695 2052 es
719 1993 881 2053 Dominus
903 1994 991 2053 Deus

238 2100 360 2165 noster,
382 2107 439 2150 rex
461 2100 493 2149 et
514 2091 656 2150 salvator
673 2090 818 2150 omnium
835 2090 992 2152 Christia-
1048 2081 1049 2084 ’

239 2206 366 2249 norum.

279 2286 308 2347 Ο
340 2303 441 2346 suave
472 2295 504 2345 et
535 2286 739 2346 salutiferum
769 2303 889 2347 nomen
919 2286 991 2346 lesu

239 2402 369 2445 omnem
392 2402 511 2444 sanans
533 2386 733 2460 languorem,
757 2393 900 2443 mentem
924 2383 992 2442 illu·
1049 2393 1050 2442 l

202 2482 377 2557 nominans,
407 2482 504 2542 corda
525 2482 725 2557 accenden8‚
753 2481 916 2541 tristitiam
946 2481 992 2540 lu·
1046 2505 1051 2582 ἵ

238 2597 334 2656 gans,
363 2581 443 2639 iram
473 2580 641 2656 mitigans,
670 2596 783 2655 pacem
809 2589 840 2638 et
862 2596 993 2639 concor-

239 2678 323 2737 diam
360 2678 539 2753 praebenS‚
577 2679 742 2738 caritatem
779 2677 928 2737 nutriens
963 2685 993 2736 et
1049 2663 1051 2740 i

238 2775 390 2852 gaudium
413 2775 446 2835 in
468 2775 675 2836 tribulatione
698 2775 856 2836 efficienS.

281 2873 352 2932 Hoc
374 2890 502 2933 summe
524 2873 662 2933 amabile
690 2890 810 2933 nomen
840 2874 880 2933 de
905 2873 993 2932 caelo

202 2972 278 3031 asab
310 2971 424 3046 angelo
455 2971 596 3031 delatum
626 2981 676 3030 est
704 2971 737 3030 in
766 2981 879 3031 terras.
922 2971 993 3030 Hoc

240 3068 496 3145 evangelizatum
519 3078 569 3127 est
590 3085 649 3143 per
670 3068 860 3128 universum
883 3069 993 3128 orbem

239 3167 278 3225 ab
301 3166 465 3243 apostolis.
510 3167 572 3225 Pro
601 3167 663 3225 hoc
692 3165 779 3242 passi
809 3175 885 3225 sunt
913 3182 994 3225 mar-

239 3274 338 3342 tyres.
388 3265 459 3324 Hoc
489 3265 574 3324 clara
602 3281 683 3322 voce
712 3264 893 3323 docuerunt
920 3280 994 3323 con·

240 3363 393 3423 fessoreS.
426 3363 498 3421 Hoc
513 3362 664 3421 ardenter
679 3370 868 3421 amaverunt
883 3377 994 3420 sacrae

203 3461 392 3537 aovirgines.
437 3460 508 3519 Hoc
537 3460 667 3519 laudant
696 3469 727 3519 et
756 3469 875 3519 canunt
897 3476 995 3519 senes

241 3576 313 3619 cum
336 3558 536 3633 iunioribus,
564 3566 595 3617 et
623 3557 713 3618 mille
737 3556 827 3617 milia
851 3556 994 3617 lidelium

604 3663 631 3704 aa
