2194 4180
118 603 183 656 tate
206 593 285 669 Dci3
308 595 456 655 roborate
479 592 627 669 interiuS,
649 603 684 654 ut
706 595 872 671 proliciam

119 692 153 752 in
175 690 350 753 virtutibus
372 692 461 752 veris
483 691 591 752 flendo
621 709 695 753 cum
725 693 874 754 tristibus

118 799 151 850 et
171 789 341 866 gaudendo
364 807 439 850 cum
468 789 563 850 laetis
591 799 624 850 et
652 791 692 851 de
721 790 874 851 omnibus

118 885 213 947 bonis
235 887 274 946 ad
298 888 457 947 honorem
482 887 543 948 Dei
573 887 714 962 peractis
742 905 874 966 semper

117 984 236 1061 gratias
267 985 408 1061 agendo,
437 993 472 1044 ut
503 984 545 1044 sit
577 985 668 1044 Deus
699 985 808 1046 omnia
839 986 895 1045 ins

118 1081 270 1142 omnibus
291 1083 501 1159 benedictus,
529 1084 678 1145 laudatus
706 1094 739 1145 et
759 1101 872 1160 super·

117 1179 276 1241 exaltatus
298 1180 331 1241 in
353 1181 494 1241 saecula.
536 1180 654 1241 Amen.

312 1380 584 1458 [enprrvrvn
608 1382 676 1458 ιιι]

115 1513 162 1574 De
182 1515 388 1590 apparitione
402 1515 472 1575 lesu
493 1527 601 1576 corum
615 1516 722 1576 Morio
737 1516 871 1591 Magda-

270 1614 344 1673 leno
366 1613 400 1672 in
421 1612 526 1687 specie
547 1613 722 1673 hortuloni.
882 1613 906 1654 ¹⁰

115 1705 363 1926 &medico
384 1773 416 1824 et
430 1764 550 1842 gratias
564 1782 623 1842 ago
638 1764 707 1840 tibi,
730 1765 871 1826 Domine

247 1862 322 1924 Iesu
334 1862 479 1938 Christe,
494 1862 640 1923 omnium
663 1879 772 1923 rerum
796 1880 872 1924 con·

114 1959 200 2020 ditor
230 1970 263 2020 et
293 1969 494 2022 secretorum
531 1961 678 2022 cordium
714 1962 872 2038 cognitor,

114 2074 173 2133 pro
195 2067 251 2118 tua
272 2057 433 2118 amicabili
450 2058 661 2134 apparitione,
683 2077 747 2136 qua
762 2059 870 2136 digna·

113 2164 168 2215 tus
197 2171 235 2214 es
262 2154 470 2215 beatissimae
500 2156 625 2216 Mariae
648 2157 871 2233 magdalenae,
883 2174 907 2216 rs

115 2252 379 2313 lerventissimae
395 2253 541 2313 amatrici
557 2263 632 2313 tuae
653 2253 743 2313 iuxta
757 2269 871 2313 monu-

113 2359 261 2411 mentum
289 2350 385 2410 stanti
415 2361 447 2411 et
469 2350 669 2427 lacrimanti,
697 2351 730 2411 in
759 2350 870 2427 specie

113 2448 278 2509 hortulani
294 2466 450 2526 apparere
472 2457 504 2510 et
525 2466 599 2509 cum
615 2466 655 2509 ea
670 2447 871 2508 familiariter

112 2545 256 2622 colloqui
279 2555 312 2606 et
333 2547 434 2606 multa
455 2556 583 2606 secreta
601 2545 780 2606 divinitatis
795 2554 869 2605 tuae

112 2655 146 2705 et
168 2644 381 2705 humanitatis
403 2663 520 2706 arcana
544 2664 584 2706 ex
606 2642 740 2722 speciali
769 2642 905 2719 gratiaao

5 2789 7 2816 ,
112 2741 143 2801 ei
167 2741 316 2801 revelare
338 2751 370 2802 ct
392 2742 432 2803 de
459 2742 601 2819 gloriosa
629 2739 869 2802 resurrectione
908 2745 910 2748 ’

6 2889 9 2916 ,
111 2849 169 2899 tua
183 2855 260 2914 prae
276 2839 404 2899 cunetis
419 2840 610 2900 mortalibus
632 2856 703 2900 cam
719 2837 870 2914 primitus

110 2935 295 2996 certificare
317 2946 350 2997 ct
371 2946 445 3013 post
460 2937 650 2998 lacrimosas
671 2936 823 3013 querelas
838 2945 870 2995 et

109 3033 256 3110 prolixas
271 3033 504 3111 inquisitiones
525 3036 665 3112 amplius
685 3032 869 3095 laetificare.

111 3131 224 3191 Laudo
240 3140 272 3191 et
287 3131 459 3208 magnifice
474 3134 580 3193 exalto
598 3144 630 3194 te
645 3148 703 3209 pro
718 3130 906 3191 benivolaas

109 3239 167 3289 tua
198 3229 385 3290 visitatione
416 3241 449 3291 et
479 3231 565 3291 dulci
594 3229 791 3290 allocutione
815 3229 870 3288 de·

108 3326 235 3386 solatae
258 3327 383 3389 Mariae
406 3329 619 3405 Magdalenae
644 3327 747 3403 ipsam
771 3325 869 3385 inter-

108 3425 255 3501 rogando
287 3435 319 3486 et
347 3425 561 3486 sciscitando:
594 3425 682 3503 Quid
706 3425 815 3501 ploras
836 3433 868 3484 et

108 3538 209 3598 quem
233 3521 391 3598 quaeris?

472 3627 514 3669 aas
