2118 4180
228 389 640 500 Qfflmo.
663 391 974 500 ffibliffl
1047 411 1048 480 ἰ

221 578 352 655 gitatem
384 579 417 638 in
448 578 608 654 principio
640 579 756 640 creasti
789 580 914 639 caelum
947 591 981 641 et

221 684 352 750 terram,
373 693 462 736 mare
477 686 509 736 et
524 676 643 751 omnia,
665 693 748 753 quae
764 675 798 735 in
821 676 869 736 eis
891 687 979 753 sunt,
1047 703 1048 740 l

222 776 318 850 atque
340 791 417 850 prae
439 774 558 834 ceteris
584 774 742 834 creaturis
764 773 897 849 speciali
921 776 979 834 ho·
1044 801 1048 848 l

222 888 301 931 nore
323 870 488 947 dignitatis
509 871 675 931 hominem
697 872 736 932 ad
755 871 929 947 imaginem
946 882 979 932 et
1047 899 1048 936 2

185 967 469 1029 ssimilitudinem
498 977 585 1029 tuam
615 967 796 1028 sublimasti
827 967 978 1028 iaciendo
1044 981 1048 1042 l

221 1065 329 1140 ipsum
365 1065 510 1126 dominio
545 1075 731 1141 potentem,
767 1065 891 1125 ratione
927 1083 978 1125 sa·
1047 1095 1048 1134 3

221 1162 365 1239 pientem
389 1172 420 1223 et
442 1162 508 1222 vita
529 1163 748 1223 innocentem.

262 1260 371 1320 Laudo
393 1270 425 1320 et
445 1259 591 1337 glorilico
619 1269 652 1320 te
675 1277 733 1336 pro
758 1259 898 1319 maximo
920 1259 978 1321 illo
1010 1323 1011 1326 ,
1047 1291 1048 1328 ;

221 1374 367 1433 munere,
389 1375 453 1435 quo
475 1359 641 1419 hominem
665 1359 697 1418 in
713 1359 862 1435 paradiso
882 1359 978 1419 deco·
1012 1371 1016 1383 ·
1044 1387 1048 1432 r

186 1453 297 1517 rorasti
334 1455 461 1515 deliciis
501 1455 729 1530 affluentibuS‚
768 1465 804 1515 ut
842 1455 978 1516 haberet
1047 1483 1048 1524 3

220 1568 348 1612 summa
378 1552 417 1611 ad
449 1552 640 1628 fruendum,
671 1552 827 1613 inferiora
857 1554 896 1613 ad
927 1571 977 1614 re·
1042 1571 1048 1623 l

218 1649 359 1725 gendum
389 1659 421 1711 et
450 1659 566 1710 cuncta
593 1651 691 1710 simul
721 1651 905 1726 possideret
937 1651 976 1711 ad
1042 1652 1045 1663 '

218 1756 250 1807 te
272 1757 428 1824 perpetue
450 1748 707 1808 collaudandum.

261 1845 369 1906 Laudo
392 1855 423 1906 et
445 1846 626 1907 honorifico
646 1833 690 1922 te,
710 1847 801 1905 Deus
816 1845 976 1920 piissime,
1047 1877 1048 1914 r

186 1959 277 2018 rspro
292 1952 346 2002 tua
361 1944 533 2004 excellenti
549 1943 759 2004 miseratione
775 1952 806 2002 et
816 1942 974 2002 indicibili
1044 1937 1048 2008 ¹:

219 2040 460 2117 misericordia,
494 2058 558 2118 qua
585 2041 710 2100 homini
738 2039 973 2116 praevaricanti
1047 2071 1048 2106 r

219 2147 251 2198 et
283 2138 435 2198 omnibus
470 2138 639 2198 beneliciis
674 2137 740 2198 tuis
775 2137 899 2213 ingrato
935 2138 974 2197 ab
1043 2213 1048 2227 Γ

218 2235 418 2312 irreparabili
450 2237 542 2311 lapsu
572 2235 747 2311 pepercisti
779 2235 886 2311 ipsum
915 2252 973 2310 pro

218 2334 288 2393 suis
323 2333 428 2411 culpis
468 2333 507 2394 ad
529 2333 702 2410 agendam
742 2331 973 2408 paenitentiam
1047 2361 1048 2396 3

182 2439 309 2490 aoextra
343 2429 482 2506 paradisi
519 2429 747 2489 amoenitatem
786 2429 974 2504 emittendo,

218 2527 273 2604 qui
309 2527 384 2587 licet
422 2537 554 2588 aeterna
584 2527 790 2587 damnatione
821 2544 879 2602 pro
915 2544 974 2587 sua

217 2624 477 2701 transgressione
493 2624 609 2700 dignus
625 2624 785 2685 extitisset
797 2641 859 2684 nec
874 2625 972 2684 ullam

217 2720 346 2780 veniam
362 2721 519 2798 consequi
531 2721 708 2796 debuisset,
727 2739 792 2782 non
810 2739 847 2782 es
864 2732 972 2782 tamen

217 2835 298 2878 usus
326 2819 387 2878 bac
411 2818 585 2878 severitate
613 2819 775 2894 iustitiae,
810 2820 869 2879 sed
904 2820 973 2879 dul·

181 2914 332 2975 ascedine
355 2914 530 2977 ineffabilis
552 2917 796 2977 misericordiae
818 2926 892 2977 tuae
915 2917 973 2976 im-

217 3012 368 3088 ponendo
390 3013 436 3073 illi
459 3030 542 3074 onus
565 3014 679 3091 dignae
701 3013 918 3091 paenitentiae
942 3025 973 3075 et

216 3118 289 3186 post
311 3111 406 3186 longa
427 3119 574 3186 tempora
594 3112 701 3171 oleum
718 3111 901 3172 exhibendo
918 3113 971 3172 diu

217 3215 343 3283 optatae
365 3207 594 3285 indulgentiae.
630 3208 749 3285 Sicque
771 3208 889 3270 lactum
913 3220 972 3284 est,

217 3313 251 3364 ut
267 3313 414 3364 creatura
437 3306 603 3366 rationalis
627 3315 682 3365 tua
703 3308 883 3366 salvaretur
903 3323 972 3383 gra-

180 3400 276 3476 aotia‚
310 3417 392 3478 quae
423 3403 554 3478 propria
583 3402 752 3479 iniquitate
791 3404 907 3464 cecidit
939 3404 971 3464 in

218 3501 356 3576 culpam.
804 3561 817 3590 Ι

583 3605 596 3646 8
