2152 4174
83 393 832 510 Quam-W

75 587 194 648 mortis
223 586 420 662 terminum,
450 587 509 646 sed
540 586 663 662 perduc
693 581 836 661 peregri-

76 695 209 746 nantem
239 683 380 744 animam
409 700 514 743 meam
540 683 580 743 de
603 699 739 759 corpore
761 697 836 757 pec-

75 783 138 843 cati
160 784 201 843 ad
223 791 368 844 montem
391 781 561 857 calvariae,
582 789 726 842 montem
749 796 836 840 mur-

76 898 132 941 rae
154 889 188 940 et
208 879 306 955 turis,
328 879 383 939 ubi
406 888 440 939 tu
463 878 553 940 fuisti
575 895 634 955 pro
656 895 709 938 me
732 876 835 937 cruci·

77 977 162 1039 fixus
185 987 217 1038 et
239 986 405 1053 mortuus,
434 986 468 1037 ut
497 977 617 1038 ibidem
641 985 751 1038 tecum
773 976 858 1037 subs

76 1093 176 1138 cruce
197 1092 333 1153 pausem
356 1074 465 1135 crucis
486 1074 579 1151 signo
599 1073 834 1151 praemunitus.

76 1173 126 1234 Da
154 1173 301 1250 arripere
332 1172 409 1233 novi
439 1172 579 1232 fervoris
608 1172 777 1234 exordium
803 1181 835 1232 et

74 1279 117 1346 te,
138 1289 207 1332 non
229 1270 413 1348 tepidorum
435 1271 553 1331 sectari
575 1271 751 1347 levitatem,
775 1272 834 1332 sed

74 1385 209 1445 semper
230 1379 318 1429 tuam
341 1367 535 1428 cruciFeram
564 1367 739 1445 imaginem
765 1384 834 1428 cor·

75 1465 125 1525 dis
140 1465 248 1526 oculis
263 1467 410 1543 aspicere
426 1476 458 1528 et
473 1466 594 1529 variam
610 1466 832 1526 curiositatem
845 1477 870 1518 1⁰

74 1562 278 1624 instabilium
300 1563 455 1624 devitare.
491 1563 545 1624 Sis
562 1573 596 1625 tu
618 1565 684 1624 dux
705 1564 832 1642 angusti

74 1657 204 1722 itineris
233 1671 266 1722 et
294 1678 406 1722 comes
434 1661 706 1739 peregrinationis
731 1679 833 1738 meae,

73 1758 204 1819 adiutor
218 1758 252 1820 in
268 1759 573 1836 opportunitatibus,
594 1761 780 1821 consolator
799 1759 832 1819 in

73 1857 344 1932 adversitatibus,
373 1857 587 1918 collaborator
610 1859 643 1920 in
668 1859 833 1920 laboribus

74 1955 188 2016 multis
211 1972 269 2031 pro
291 1955 425 2016 nomine
445 1965 503 2016 tuo
524 1956 711 2032 assumptis.
755 1957 870 2016 luvam

7 2043 8 2056 ¹
74 2068 126 2112 me
159 2060 290 2128 portare
320 2055 450 2130 pondus
480 2053 544 2114 diei
576 2063 608 2114 et
639 2065 767 2130 aestus,
798 2064 833 2114 ut

74 2159 275 2211 conventum
316 2151 409 2228 sequi
445 2153 570 2213 valeam
610 2152 645 2212 in
680 2151 833 2212 omnibus

73 2247 166 2308 horis
187 2256 221 2307 et
242 2248 460 2310 observantiis
482 2250 594 2310 sacris.
631 2250 681 2310 Da
701 2267 832 2328 quoque

72 2343 105 2404 in
121 2345 290 2420 pressuris
305 2354 338 2406 et
352 2346 569 2408 anxietatibus
582 2346 666 2407 meis
681 2346 832 2406 maximis

73 2440 240 2501 recordari
275 2451 349 2503 tuae
383 2445 597 2521 gravissimae
635 2444 869 2521 fatigationisao

72 2540 133 2599 sub
159 2555 260 2599 onere
282 2540 400 2617 crucis,
421 2541 498 2618 quia
518 2542 573 2602 vix
594 2542 758 2603 modicum
782 2550 831 2602 est

72 2638 282 2714 musculum,
297 2640 384 2716 quod
398 2640 513 2715 tolero,
531 2640 559 2700 si
575 2639 830 2717 magnitudinem

72 2745 149 2796 tuae
172 2737 375 2812 ponderosae
400 2737 508 2798 crucis
530 2738 670 2798 attendo.

113 2831 218 2908 Igitur
246 2832 386 2894 libenter
413 2852 450 2895 ac
479 2835 705 2895 desideranter
729 2834 830 2896 leram

73 2946 160 2991 onus
182 2939 353 3007 susceptae
376 2931 544 3009 religionis
565 2934 606 2993 de
624 2941 678 2992 tua
692 2932 868 3008 benigna2⁵

73 3028 263 3089 assistentia
292 3045 424 3105 semper
453 3029 641 3107 conlidens3
677 3030 830 3108 quoniam

72 3125 207 3202 quidem
229 3126 290 3188 etsi
313 3128 352 3187 ad
373 3137 504 3204 tempus
525 3127 689 3188 modicum
704 3125 829 3203 gravari

73 3241 126 3284 me
150 3223 232 3284 sinis
247 3233 380 3301 propter
394 3225 577 3301 augendum
593 3223 830 3284 humiliationis

73 3320 247 3397 meritum,
278 3321 435 3381 subvenis
464 3331 574 3382 tamen
605 3331 719 3397 postea
754 3337 829 3381 con·

73 3419 201 3494 gruenti
231 3428 378 3495 tempore
407 3428 438 3479 et
466 3421 562 3480 modo
593 3436 651 3495 pro
682 3429 737 3479 tua
765 3419 865 3479 cle-³⁰

73 3516 204 3577 mentia
262 3517 352 3577 Doce
388 3534 440 3577 me
475 3517 638 3594 propriam
680 3516 828 3592 frangere

437 3622 471 3663 ιιι
