2152 4174
224 378 970 488 Qfflmufflffi

218 567 257 628 ad
288 575 426 627 mortem
458 583 563 643 usque
594 575 742 643 portare,
774 567 972 628 sacrificium

218 664 353 742 spiritus
384 663 589 726 contribulati
621 683 679 742 pro
710 665 865 742 martyrio
902 683 975 726 san-

218 762 327 840 guinis
348 761 381 822 in
404 779 459 821 ara
480 762 588 822 cordis
616 762 814 839 redemptori
838 763 973 824 Christo

190 860 406 936 immolare,
448 862 562 922 sedula
603 861 830 922 retractatione
866 861 974 922 crucis

195 958 378 1019 sbeneficia
408 960 554 1020 recolere
583 967 615 1020 et
643 959 677 1020 in
705 958 877 1034 profundis
906 960 975 1019 vul·

218 1055 352 1117 neribus
385 1055 460 1116 Iesu
491 1064 654 1133 tamquam
690 1055 723 1116 in
760 1055 975 1118 ioraminibus

219 1162 330 1231 petrae
361 1154 468 1215 locum
501 1171 659 1231 quaerere
689 1153 806 1230 refugii
837 1172 857 1213 a
892 1153 975 1215 facie

218 1250 342 1313 inimici
366 1259 397 1312 et
418 1251 657 1328 persequentis.

260 1348 404 1411 Subveni
427 1349 525 1424 mihi,
547 1347 804 1411 clementissime
827 1349 921 1425 Iesu,
943 1349 975 1409 in
1064 1374 1065 1392 κ

186 1469 210 1510 io
220 1448 309 1511 omni
340 1449 538 1510 necessitate
569 1457 601 1510 et
636 1450 746 1510 labore
777 1448 976 1509 certaminis.

221 1546 373 1623 Expande
396 1564 512 1607 manus
527 1554 599 1607 tuas
614 1564 714 1624 super
728 1564 782 1607 me
797 1555 829 1606 et
844 1547 977 1606 dextera

221 1654 276 1705 tua
302 1652 435 1721 protege
457 1661 511 1704 me
533 1661 681 1721 semper,
707 1644 747 1705 da
768 1643 976 1706 devotionem

221 1742 254 1802 in
277 1740 391 1816 corde,
419 1740 589 1802 veritatem
611 1741 645 1801 in
668 1759 739 1817 ore,
766 1741 921 1802 virtutem
944 1741 976 1802 in

222 1838 420 1915 operatione.
450 1838 556 1915 Purga
576 1856 629 1898 me
651 1840 690 1899 ab
713 1839 800 1901 omni
821 1839 975 1899 vitiorum
1064 1907 1065 1910 Ἴ

189 1935 410 2014 isputredine‚
439 1936 571 1996 medere
596 1936 786 1997 vulneribus
815 1935 899 1997 meis
921 1945 977 1996 tuo
1064 1957 1065 1960 ¹

222 2033 365 2110 pretioso
397 2033 565 2111 sanguine.
618 2033 672 2094 Nil
703 2042 839 2094 maneat
862 2034 896 2095 in
925 2051 977 2095 me
1064 2029 1065 2072 ³

222 2132 415 2207 obscurum,
436 2132 482 2192 nil
505 2131 725 2209 inquinatum,
747 2131 792 2192 nil
815 2131 978 2209 contagio·
1064 2155 1065 2172 ¹

222 2246 315 2304 sum,
351 2228 409 2290 sed
440 2245 533 2290 sacer
564 2229 696 2306 sanguis
732 2238 808 2289 tuus
843 2228 978 2306 prodige

223 2326 350 2386 effusus
361 2327 516 2388 emundet
530 2344 583 2388 me
598 2328 637 2387 ab
655 2326 751 2390 omni.
761 2343 845 2386 noxa
860 2327 979 2387 sancti·

187 2423 363 2501 aoticetque
392 2441 451 2502 per
479 2424 604 2499 omnia,
632 2433 667 2484 ut
696 2423 822 2504 integer
843 2424 979 2501 spiritus

223 2531 255 2582 et
277 2521 383 2582 anima
404 2521 479 2596 tibi,
506 2521 642 2582 creatori
667 2539 758 2597 meo,
780 2521 814 2581 in
836 2521 978 2582 adventu

224 2620 359 2682 extremi
392 2617 503 2680 iudicii
535 2635 615 2694 pura
645 2626 885 2694 praesentetur,
921 2634 978 2694 pro

224 2736 287 2794 qua
308 2718 473 2778 liberanda
495 2724 559 2776 tam
582 2717 700 2776 multas
728 2731 845 2792 graves
871 2723 979 2790 pertu·
1041 2723 1044 2730 '

224 2815 290 2875 listi
312 2831 435 2891 poenas
457 2822 553 2890 atque
571 2811 818 2874 inaestimabilis
833 2811 978 2870 thesauri

188 2912 365 2990 aspretium
388 2909 538 2987 erogasti.
