2118 4180
236 451 652 560 wamma
673 453 986 562 affl&

231 637 366 698 victoria
394 637 492 698 trium
514 639 742 715 principalium
769 638 921 700 vitiorum
951 640 993 700 ad

231 744 420 811 perpetuam
451 745 582 797 satanae
617 737 845 797 confusionem
881 746 913 797 et
951 737 992 797 ad

230 841 361 893 nostrae
396 833 593 895 infirmitatis
629 835 867 896 roborationem
903 836 992 895 salu-

231 929 332 992 briter
353 931 556 1008 perpetratis.

206 1047 221 1088 5
272 1027 380 1087 Laudo
416 1037 449 1088 et
479 1029 577 1089 adoro
610 1039 643 1090 te
674 1039 864 1090 reverenter
895 1029 992 1090 llexis

229 1124 368 1201 genibus
383 1143 457 1187 cum
472 1127 597 1203 angelis
614 1127 736 1188 sanctis
751 1127 847 1204 digno
863 1129 992 1187 honore

230 1222 287 1282 trbr
299 1222 558 1284 ministrantibus
569 1234 684 1300 petens
695 1225 880 1284 alimoniam
892 1224 991 1299 vitae,

230 1320 413 1381 subsidium
432 1321 563 1398 gratiae,
585 1321 886 1384 confortationem
878 1339 911 1381 m
934 1321 991 1382 tri·

229 1417 412 1494 bulatione,
448 1419 711 1481 fortitudinem
702 1437 736 1480 m
766 1419 991 1496 temptatione,

195 1535 220 1577 ro
230 1515 466 1590 protectionem
481 1517 520 1576 ab
536 1517 688 1579 insidiis
679 1517 814 1594 inimici,
833 1517 990 1595 quamdiu

231 1613 342 1689 dego
334 1629 368 1672 m
390 1613 520 1674 deserto
542 1613 641 1674 huius
662 1614 796 1676 saeculi.

271 1709 381 1770 Credo
396 1719 429 1770 et
443 1709 610 1786 conliteor,
632 1711 708 1787 quia
722 1720 756 1771 tu
772 1729 809 1772 es
822 1710 991 1786 Christus,

231 1805 318 1866 lilius
341 1807 417 1883 Dei,
443 1808 534 1868 Deus
555 1818 588 1868 et
610 1808 762 1869 dominus
788 1809 991 1886 angelorum,

231 1913 357 1964 creator
377 1904 508 1981 generis
530 1905 663 1965 humani
688 1922 725 1966 ac
747 1906 965 2015 redemptor
957 1925 989 1967 m

196 2026 220 2067 15
230 2010 361 2061 nostrae
380 2001 487 2062 camis
509 2001 696 2063 infirmitate
713 2019 772 2078 per
790 2000 900 2062 omnia
915 2021 990 2079 pro·

230 2098 324 2159 batus
346 2107 377 2160 et
398 2108 591 2175 temptatus,
619 2109 654 2160 ut
678 2098 869 2160 misericors
890 2099 990 2162 lieres

230 2204 262 2254 et
283 2195 378 2255 nobis
404 2195 629 2271 compatiendo
651 2214 670 2256 a
691 2205 897 2272 peccatorum
921 2197 991 2258 lan-

229 2293 386 2370 guoribus
407 2309 469 2352 nos
490 2309 633 2354 sanares.

270 2389 299 2451 0
322 2391 375 2466 pie
398 2391 483 2467 lesu,
504 2391 625 2451 athleta
640 2391 828 2468 fortissime,
850 2392 905 2468 qui
921 2403 989 2454 tam

193 2498 363 2555 mstrenue
391 2505 449 2564 pro
480 2505 533 2547 me
564 2487 733 2564 ieiunasti,
763 2498 828 2549 tam
860 2489 990 2551 fortiter

230 2584 390 2645 dimicasti
413 2593 445 2644 et
466 2584 584 2661 vicisti,
606 2585 645 2646 da
666 2585 747 2646 milri
767 2595 879 2646 contra
893 2605 989 2648 mun·

230 2684 324 2758 dum,
352 2699 483 2742 carnem
513 2692 545 2743 et
573 2683 736 2743 diabolum
758 2683 897 2744 viriliter
918 2703 989 2746 cer-

229 2788 297 2839 tare
317 2788 349 2839 et
369 2796 499 2839 omnem
515 2779 671 2856 impetum
687 2780 938 2856 temptationis
928 2801 989 2844 rm·

230 2875 341 2935 mobili
357 2876 455 2936 corde
470 2878 640 2953 repellere.
668 2877 787 2938 Mitte
779 2896 813 2938 rn
828 2880 988 2943 solacium

193 2972 318 3035 zsexilii
334 2973 398 3033 mei
416 2984 546 3036 sanctos
564 2976 697 3053 angelos
712 2985 796 3053 tuos,
817 2977 989 3041 ministros

229 3069 314 3130 lucis
342 3080 374 3131 et
401 3071 508 3149 pacis,
538 3083 573 3134 ut
600 3090 653 3134 me
682 3073 814 3150 saepius
841 3075 988 3154 visitent,

230 3167 369 3228 fideliter
403 3169 605 3248 custodiant,
639 3179 789 3247 potenter
822 3172 989 3250 adiuvent,

230 3266 369 3360 benigne
380 3269 600 3346 consolentur,
616 3270 782 3347 copiosius
792 3270 988 3332 benedicant

230 3373 262 3424 et
273 3382 387 3425 sanum
398 3383 436 3426 ac
447 3366 572 3427 salvum
584 3368 623 3427 ad
632 3378 675 3445 te,
687 3368 863 3430 Dominum
874 3386 985 3430 meum

192 3462 339 3526 aolesum
356 3463 537 3540 Christum,
559 3475 632 3541 post
653 3467 751 3528 huius
773 3466 858 3527 vitae
875 3469 987 3529 termi-

230 3578 307 3620 num
331 3561 418 3621 ielici
441 3561 640 3624 iucunditate
661 3565 848 3640 perducant
868 3562 986 3627 Amen.
