2142 4172
181 713 186 724 Ι
245 644 405 705 amicabili
415 645 505 722 pacis
520 647 764 708 annuntiatione
776 657 807 708 et
819 650 1004 709 reverenda

245 743 383 804 statione
411 744 444 804 in
474 745 581 805 medio
610 745 843 822 discipulorum
868 755 1002 807 tuorum

245 843 468 903 conservando
499 859 557 902 eos
592 861 611 902 a
646 843 763 904 timore
795 844 1001 905 ludaeorum.

245 940 350 1018 Quia,
379 940 463 1000 sicut
490 940 596 1001 bonus
618 951 728 1018 pastor
749 951 811 1002 stat
832 941 865 1001 in
890 942 1001 1002 medio

220 1037 353 1100 sovium
389 1055 521 1098 suarum
559 1039 598 1098 ad
633 1039 855 1099 defendendas
890 1057 948 1100 eas
983 1058 1002 1100 a

243 1140 408 1200 morsibus
421 1140 583 1216 luporum,
598 1139 646 1200 sic
662 1139 768 1200 fecisti
785 1156 859 1199 cum
870 1148 999 1215 aposto-

242 1237 284 1296 lis
305 1238 371 1297 tuis
391 1237 424 1296 in
447 1237 500 1297 die
522 1238 680 1297 malorum
705 1236 917 1297 confortando
941 1253 999 1296 eos

243 1344 355 1395 contra
373 1335 510 1395 adversa
524 1345 656 1411 propter
670 1351 806 1412 regnum
823 1334 998 1394 caelorum.

244 1434 282 1493 Et
303 1434 388 1493 sicut
416 1450 473 1493 rex
501 1442 617 1509 potens
646 1441 678 1493 et
701 1432 821 1492 nobilis
844 1431 999 1508 princeps

208 1548 233 1590 ro
243 1540 305 1591 stat
325 1540 467 1590 armatus
489 1530 522 1590 in
545 1530 652 1590 medio
674 1531 784 1606 populi
807 1529 858 1590 sui
880 1539 998 1589 tenens

242 1632 366 1690 hastam
389 1639 421 1689 et
440 1628 581 1705 clipeum
601 1638 713 1690 contra
728 1628 870 1690 hostium
893 1627 998 1687 iacula

242 1726 453 1786 confortando
476 1727 597 1787 milites
619 1743 697 1788 suos
717 1728 757 1787 ad
771 1725 996 1802 proeliandum
1050 1759 1051 1762 =

238 1824 368 1885 fortiter
398 1834 452 1885 aut
479 1825 613 1886 vincere
649 1834 703 1885 aut
732 1824 814 1884 mori
848 1822 997 1898 feliciter,

241 1922 289 1982 sic
311 1922 428 1982 stetisti
445 1932 477 1983 et
491 1933 536 1999 tu,
560 1923 633 1982 lesu
650 1922 839 1996 fortissime,
861 1920 998 1980 bellator

206 2039 231 2082 15
241 2020 435 2079 daemonum
458 2028 490 2080 et
512 2019 681 2080 hominum
699 2034 940 2095 perversorum,
962 2017 995 2076 in

240 2117 347 2177 medio
363 2118 596 2194 discipulorum
612 2128 742 2178 tuorum
758 2116 891 2176 indutus
913 2115 996 2176 stola

240 2215 449 2278 iucunditatis
465 2226 496 2277 et
506 2216 606 2276 lorica
617 2213 867 2275 immortalitatis
877 2222 994 2273 tenens

239 2329 297 2388 pro
313 2313 406 2390 signo
421 2314 567 2375 veritatis
583 2314 731 2391 stigmata
741 2311 905 2390 passionis
919 2321 993 2372 tuae

240 2410 331 2486 quasi
354 2421 464 2487 aperta
486 2411 644 2473 foramina
664 2411 698 2471 in
714 2411 819 2488 clipeo
838 2409 993 2485 corporis,
1050 2459 1051 2476 t

201 2507 358 2583 aoquibus
380 2511 548 2571 debellasti
571 2511 670 2570 huius
693 2508 805 2571 mundi
828 2508 992 2584 principes

239 2617 271 2666 et
292 2617 437 2668 rectores
458 2608 665 2668 tenebrarum
687 2607 861 2667 multarum
881 2607 921 2666 ad
943 2623 991 2666 ro-

238 2704 417 2765 borandum
440 2705 560 2766 milites
582 2713 656 2765 tuos
677 2705 841 2781 apostolos
863 2705 896 2765 in
919 2704 991 2780 fide,

238 2818 296 2878 spe
328 2813 359 2862 et
390 2803 538 2878 caritate,
569 2803 624 2879 qui
655 2803 746 2879 prius
777 2813 868 2863 erant
897 2802 990 2863 valde

237 2899 463 2974 pusillanimes
485 2900 555 2960 visa
576 2899 729 2976 passione
751 2909 806 2960 tua
834 2910 866 2960 et
895 2917 989 2959 cruce

200 3006 270 3061 aset
300 3007 404 3058 morte
435 3016 471 3058 ac
503 2999 649 3074 corporis
684 2998 729 3058 tui
761 2999 928 3075 sepultura
957 2997 989 3057 in

238 3095 317 3155 dura
327 3106 418 3173 petra
433 3096 570 3156 firmiter
585 3096 703 3156 clausa.
727 3096 811 3173 Quis
821 3095 987 3156 hominum

236 3202 382 3267 putasset
397 3202 428 3254 te
444 3202 704 3254 resurrecturum
720 3193 802 3253 visis
816 3202 862 3253 tot
877 3193 989 3253 mortis

237 3290 269 3349 in
292 3301 323 3350 te
345 3291 485 3352 vinculis
508 3300 539 3351 et
561 3291 691 3368 signis?
908 3274 915 3284 κ

277 3387 315 3447 Et
336 3387 467 3448 ideone
489 3389 700 3465 desperarent
715 3389 823 3449 dilecti
840 3388 996 3465 discipuli.

198 3487 281 3550 30tui
318 3485 461 3546 nondum
498 3486 530 3546 in
568 3485 631 3546 lide
665 3487 761 3562 plene
799 3485 987 3558 confirmati,

235 3581 410 3657 apparuisti
443 3581 491 3641 eis
519 3582 708 3659 visibiliter,
739 3601 812 3642 cum
843 3583 925 3643 sacri
956 3592 987 3642 et

594 3687 634 3727 290
