2142 4172
268 478 328 555 ’Ἢν
346 478 544 573 Ὗχόῖἷὲῐθ
560 529 589 583 u,
602 472 986 587 ww

277 658 306 720 O
329 669 441 721 sancte
458 661 564 738 Petre,
586 663 663 739 quid
680 664 773 741 dicis,
795 665 822 726 si
839 667 993 728 homines

235 757 292 817 tibi
315 775 381 819 non
404 759 550 836 credunt,
572 761 628 837 qui
650 779 708 823 cor
734 771 826 824 tuum
856 782 923 824 non
946 766 992 825 vi-

236 856 339 917 dent?
368 857 498 934 Loquor
520 874 596 934 ergo
619 860 658 919 ad
682 859 859 921 Dominum
879 879 991 923 meum

235 962 267 1012 et
298 953 450 1015 omnibus
480 957 688 1017 audientibus
719 959 823 1019 clamo
854 969 887 1021 et
916 979 992 1023 con-

212 1059 359 1112 sstanter
379 1053 535 1129 profiteor
556 1056 653 1116 corde
675 1066 707 1117 et
735 1074 809 1117 ore:
839 1058 992 1133 Domine,

235 1157 269 1209 tu
299 1151 408 1210 omnia
436 1152 540 1228 nosti,
571 1153 711 1228 tuscis,
742 1153 818 1230 quia
846 1172 920 1215 amo
950 1164 991 1216 te.

236 1247 387 1324 Domine,
409 1250 551 1326 probasti
581 1267 633 1312 me
663 1261 694 1312 et
716 1252 898 1329 cognovisti
921 1270 993 1329 me;

235 1354 269 1406 tu
291 1347 471 1423 cognovisti
494 1348 678 1410 sessionem
708 1367 831 1427 meam,
861 1352 992 1428 quando

235 1453 266 1504 te
288 1445 421 1522 negavi3
448 1455 482 1507 tu
506 1447 686 1523 cognovisti
713 1448 990 1509 resurrectionem

201 1557 352 1619 romeam,
374 1544 502 1620 quando
525 1561 633 1605 amare
656 1544 731 1606 llevi
754 1555 786 1605 et
807 1563 886 1607 vere
918 1563 992 1622 pae-

235 1641 327 1702 nitui.
357 1641 535 1718 Indulsisti,
550 1642 714 1703 indulsisti
730 1642 822 1719 mihi,
838 1643 992 1716 Domine,

235 1740 311 1817 quia
332 1740 464 1817 peccavi
486 1739 554 1801 tibi.
584 1740 752 1801 Indulsisti
768 1740 848 1800 mihi
872 1741 992 1815 omnia,

235 1847 367 1915 propter
387 1854 508 1898 nomen
530 1847 678 1898 sanctum
700 1846 807 1914 tuum,
835 1838 990 1916 quoniam

235 1936 346 1996 suavis
375 1946 425 1997 est
446 1936 672 1997 misericordia
696 1945 767 2012 tua,
796 1944 828 1996 et
857 1935 992 1996 misera·

202 2033 343 2094 rstiones
373 2043 448 2094 tuae
478 2035 599 2095 multae
630 2051 730 2110 super
760 2033 871 2096 omnia
892 2051 993 2111 opera
1052 2074 1053 2110 ,

235 2141 290 2193 tua
311 2150 329 2192 a
350 2133 483 2193 saeculo
506 2142 537 2192 et
559 2150 665 2210 usque
687 2133 720 2192 in
743 2142 924 2193 aeternum.

277 2229 386 2290 Laudo
408 2239 440 2290 et
461 2230 607 2308 glorifico
628 2240 671 2305 te,
694 2231 768 2291 lesu
784 2230 993 2305 suavissime,

235 2346 293 2405 pro
330 2328 415 2389 fideli
453 2338 484 2389 et
526 2328 671 2405 diligenti
708 2327 992 2388 commendatione

235 2443 391 2503 agnorum
414 2435 446 2487 et
467 2425 578 2486 ovium
600 2435 729 2486 tuarum
755 2425 815 2485 sub
838 2441 937 2485 manu
960 2433 992 2484 et

199 2523 387 2600 aopastorali
424 2523 571 2583 custodia
604 2523 714 2583 dilecti
755 2523 909 2584 amatoris
945 2521 992 2582 tui

236 2620 338 2681 sancti
363 2620 450 2681 Petri
475 2620 630 2698 apostoli,
661 2637 758 2697 quem
789 2622 828 2681 de
858 2629 993 2696 captura

235 2719 374 2796 piscium
397 2720 520 2781 vocasti
543 2721 582 2780 ad
613 2737 723 2780 curam
753 2719 935 2778 animarum
960 2725 992 2776 et

235 2817 381 2894 regimen
404 2817 549 2878 omnium
579 2817 810 2893 ecclesiarum,
839 2816 879 2876 de
902 2814 992 2874 navi·

236 2914 309 2974 cula
330 2914 369 2975 ad
391 2916 575 2976 cathedram
599 2914 830 2991 episcopalem,
859 2913 898 2972 de
921 2911 993 2972 vili-

199 3013 297 3072 asbus
326 3012 449 3072 retibus
478 3014 517 3073 ad
546 3012 654 3089 regale
684 3010 922 3083 sacerdotium,
952 3010 993 3069 de

235 3111 433 3187 pauperibus
461 3110 650 3187 parentibus
677 3110 718 3170 ad
747 3109 929 3168 Romanum
961 3114 993 3165 et

236 3210 349 3287 papale
380 3209 543 3285 officium,
574 3208 660 3285 quod
692 3205 772 3267 nulli
803 3212 991 3264 sanctorum

237 3316 311 3367 ante
343 3324 417 3367 eum
449 3305 648 3383 praestitisti.
690 3304 774 3364 Nam
805 3320 846 3363 ex
877 3318 994 3379 magna

240 3403 463 3465 misericordia
484 3413 539 3464 tua
560 3414 592 3464 et
613 3403 683 3463 sola
709 3401 811 3479 gratia
837 3401 994 3462 bonitatis

200 3512 313 3562 sotuae
344 3501 499 3577 largiente
531 3501 563 3560 in
596 3501 702 3561 locum
735 3507 867 3558 sanctae
903 3498 994 3558 sedis

236 3607 311 3658 tuae
347 3615 420 3658 cum
462 3597 665 3673 plenitudine
707 3594 878 3672 potestatis
917 3606 994 3657 tuae

358 3705 360 3708 ·
595 3701 636 3742 aar
