2152 4174
246 398 993 524 Qucum&

238 613 274 664 ut
302 605 460 664 adversus
484 604 590 664 Deum
620 603 798 680 pugnetis?
840 603 914 663 Non
945 614 997 664 est

239 703 301 760 hoc
323 718 405 778 opus
427 700 585 761 nobilium
614 701 776 777 virorum,
805 701 893 778 pium
923 719 997 779 per·

239 798 347 876 sequi,
369 815 544 874 pauperem
567 798 718 875 spoliare,
740 799 912 876 spoliatum
936 817 997 860 nu·

239 896 314 956 dum
345 894 547 971 relinquere,
575 896 771 957 vestimenta
799 897 997 974 discindere,

214 992 407 1056 sCrucilixo
429 992 577 1069 illudere,
599 994 756 1055 morituro
775 995 846 1055 Deo
866 1005 994 1057 acetum

238 1091 430 1167 propinare,
472 1092 558 1168 quod
593 1091 705 1153 bibere
740 1094 852 1153 horret
887 1095 996 1155 omnis

238 1191 345 1248 homo.
409 1189 642 1250 Verumtamen
693 1190 828 1252 Christo
873 1208 995 1252 nocere

237 1303 303 1345 non
332 1285 464 1362 valetis3
492 1287 593 1347 vincit
622 1288 709 1348 enim
739 1288 899 1364 sapientia
930 1307 995 1350 ma·
1068 1301 1069 1344 3

238 1383 350 1458 litiam,
372 1393 404 1444 et
425 1385 580 1460 patientia
596 1386 670 1446 Iesu
689 1385 818 1446 iniuriis
838 1403 904 1445 non
926 1385 996 1446 lati-

204 1489 339 1556 rogatur.

280 1578 314 1638 Id
345 1579 451 1654 ipsum
484 1588 590 1639 autem
624 1589 655 1639 et
691 1580 770 1639 latro
802 1597 820 1639 a
850 1580 995 1641 sinistris

238 1675 364 1752 positus
387 1685 418 1735 et
439 1676 473 1735 in
495 1677 640 1754 nequitia
669 1677 850 1737 obstinatus
880 1694 996 1754 expro-

238 1773 336 1832 brans
354 1773 496 1834 dicebat:
519 1773 553 1834 Si
576 1782 610 1834 tu
626 1791 663 1834 es
679 1774 844 1851 Christus
867 1776 994 1837 salvum

238 1881 270 1932 te
294 1872 343 1931 lac
364 1881 395 1932 et
415 1890 485 1932 nos.
522 1873 596 1932 Heu
619 1873 720 1933 miser
735 1874 855 1935 decidit
869 1874 903 1934 in
920 1892 996 1935 con·

205 1978 396 2046 rstemptum
420 1981 451 2031 et
473 1970 669 2046 profundum
693 1973 861 2046 malorum,
884 1980 917 2031 et
940 1973 994 2048 qui

239 2067 368 2128 veniam
384 2069 424 2128 de
439 2069 633 2145 perpetratis
648 2070 812 2145 postulare
827 2069 995 2146 debuerat,
1027 2103 1032 2114 ·

238 2165 295 2225 tibi
332 2166 433 2226 datori
470 2167 585 2227 veniae
621 2167 773 2243 nequiter
809 2165 994 2226 insultabat.

240 2263 315 2323 ideo
344 2259 460 2323 inlelirr
487 2265 665 2341 desperans
694 2265 773 2326 obiit
795 2273 827 2325 et
849 2265 994 2341 pessime

237 2360 342 2437 periit.

199 2482 226 2524 20
278 2459 386 2519 Laudo
410 2469 441 2518 et
462 2459 608 2536 glorifico
630 2469 662 2520 te
683 2478 740 2537 pro
755 2470 810 2520 tua
825 2460 995 2536 insupera-

235 2556 291 2616 bili
322 2556 502 2615 constantia
538 2556 571 2615 in
606 2573 703 2616 cruce
732 2567 915 2633 assumpta,
955 2559 994 2618 de

236 2671 299 2731 qua
332 2663 464 2729 propter
498 2654 587 2713 nulla
623 2655 796 2731 opprobria
830 2671 891 2714 nec
929 2656 994 2715 ulla
1068 2697 1069 2720 2

236 2751 352 2811 blanda
374 2751 535 2826 promissa
558 2752 754 2812 consensisti
781 2752 994 2827 descendere,

236 2857 271 2909 ut
293 2849 380 2908 illam
403 2848 442 2908 ad
464 2850 563 2909 breve
585 2859 787 2910 momentum
810 2849 994 2924 desereres,

200 2971 226 3012 25
237 2962 333 3022 quam
350 2946 452 3005 semel
469 2947 639 3005 ultroneus
654 2945 840 3007 ascendisti.
864 2945 992 3006 Etenim
1068 2949 1069 3028 i

237 3045 343 3103 locum
373 3051 482 3119 tuum,
513 3062 610 3121 quem
642 3045 771 3120 pietatis
802 3061 912 3104 amore
945 3061 993 3104 as·
1068 3057 1069 3094 1

237 3141 422 3218 sumpsisti,
445 3144 484 3203 ad
506 3144 762 3219 permanendum
785 3140 828 3201 ibi
852 3150 884 3200 et
906 3157 994 3201 com·
1068 3181 1069 3184 κ

237 3240 441 3300 moriendum
471 3257 576 3317 usque
605 3240 638 3299 in
668 3240 765 3300 tinem
789 3238 926 3298 firmiter
948 3247 993 3299 te·

237 3338 336 3398 nuisti
373 3348 469 3414 atque
494 3356 576 3414 opus
605 3337 778 3397 salubriter
803 3336 992 3397 inchoatum
1068 3373 1069 3378 κ

199 3435 438 3496 mlaudabiliori
478 3436 542 3495 line
585 3451 813 3496 consummare
848 3434 992 3495 voluisti.
1068 3507 1069 3516 ἵ

238 3533 302 3610 Qui
340 3533 412 3593 aliis
448 3532 723 3610 perseverantiam
765 3529 841 3592 boni
883 3531 993 3607 operis

592 3637 628 3679 iss
