2152 4174
77 439 827 549 Qunam&

111 627 171 687 Eia
191 637 244 703 tu,
266 626 419 704 religiose
442 625 503 686 Dei
527 626 665 702 lamule,
691 625 745 703 qui
769 627 829 686 sub

70 726 185 785 stricto
216 726 452 786 monachorum
486 724 571 785 vivis
606 723 740 799 ordine,
775 724 829 784 hic

71 823 345 884 considerationis
375 832 450 883 tuae
481 823 612 883 oculum
640 821 829 899 frequenter

71 919 183 996 dirige.
213 919 297 979 Nam
313 919 340 978 si
357 919 434 996 quid
450 919 577 994 durum,
599 918 626 978 si
645 919 722 996 quid
738 918 826 979 carni

71 1016 269 1075 contrarium
292 1015 486 1092 occurrerit,
507 1016 758 1093 perferendum3
788 1033 850 1077 exs

70 1113 281 1174 meditatione
318 1113 467 1190 flagellati
505 1114 579 1174 lesu
619 1112 674 1173 liet
714 1113 826 1190 utique

71 1210 142 1269 leve
172 1220 205 1271 et
233 1211 317 1272 bene
346 1211 513 1289 portabile.
561 1211 701 1288 Quando
730 1210 828 1288 igitur

70 1324 127 1383 pro
150 1308 256 1385 culpis
278 1309 343 1370 tuis
359 1309 586 1385 corripiendus
601 1327 638 1370 es
653 1320 707 1371 aut
729 1309 825 1370 etiam

71 1422 126 1480 pro
162 1406 355 1466 excessibus
386 1407 591 1483 disciplinam
624 1418 826 1486 recepturus,

71 1520 143 1564 mox
158 1505 465 1566 innocentissimum
483 1505 591 1566 Iesum
607 1523 665 1582 pro
680 1515 713 1566 te
727 1505 825 1566 vesti·
837 1524 861 1566 ιο

70 1601 128 1662 bus
143 1612 278 1663 exutum
294 1621 330 1664 ac
341 1604 460 1664 acriter
470 1603 665 1681 flagellatum
681 1606 720 1665 ad
736 1621 825 1664 men-

70 1710 133 1762 tem
156 1719 276 1763 revoca
290 1712 321 1763 et
336 1702 375 1762 ad
390 1713 602 1780 spontaneam
618 1701 822 1778 disciplinam

72 1799 101 1858 in
121 1799 305 1861 dominicae
319 1800 483 1877 passionis
497 1800 688 1860 memoriam
703 1816 740 1859 ac
756 1816 823 1861 om·

71 1898 158 1958 nium
193 1908 402 1976 peccatorum
437 1908 568 1958 tuorum
604 1897 820 1974 expiationem

71 2004 102 2055 te
140 2013 304 2074 praepara.
348 1996 456 2056 Flecte
498 1995 666 2056 humiliter
706 2011 856 2072 genuam

72 2096 234 2170 scapulare
250 2095 388 2171 depone,
407 2103 533 2154 vestem
549 2109 642 2168 exue,
658 2091 820 2152 cervicem

72 2190 186 2253 inclina
214 2210 251 2253 ac
279 2201 383 2253 totum
413 2209 532 2268 corpus
559 2201 651 2251 tuum
681 2189 820 2267 regulari

71 2287 256 2367 disciplinae
287 2289 401 2349 subice
432 2299 464 2349 et
493 2288 579 2349 inter
607 2287 820 2349 correctionis

71 2389 200 2449 verbera
229 2389 347 2448 devote
382 2387 528 2447 rumina:
565 2386 729 2463 Quoniam
759 2402 819 2462 ego

71 2483 99 2543 in
117 2485 241 2563 flagella
256 2495 387 2562 paratus
402 2502 487 2561 sum,
509 2493 540 2544 et
563 2483 655 2544 dolor
676 2499 770 2542 meus
786 2482 818 2542 in
829 2505 855 2546 ao

70 2594 241 2661 conspectu
273 2599 347 2642 meo
378 2598 517 2658 semper.
567 2579 717 2656 Amplius
749 2579 819 2639 lava

70 2697 126 2757 me,
148 2681 301 2756 Domine,
323 2680 362 2741 ab
377 2678 547 2757 iniquitate
571 2695 644 2738 mea
659 2687 724 2738 eta
745 2695 819 2754 pec-

70 2787 134 2839 cato
155 2796 230 2840 meo
252 2776 373 2838 munda
395 2793 457 2836 me.
499 2774 570 2835 Tibi
599 2776 660 2837 soli
686 2776 818 2853 peccavi

70 2886 98 2934 et
117 2880 236 2939 malum
255 2893 363 2937 coram
379 2884 412 2936 te
428 2874 501 2950 ieci,
523 2874 597 2935 ideo
613 2874 697 2934 iuste
713 2875 817 2935 merui

69 2971 265 3051 disciplinam
290 2973 446 3050 recipere.
490 2971 613 3032 Melius
641 2981 691 3032 est
719 2971 854 3048 enim‚25

70 3078 100 3129 ut
138 3089 224 3133 nunc
266 3070 501 3148 temporalibus
543 3069 659 3146 poenis
701 3079 816 3146 sponte

70 3168 252 3245 subiciens,
295 3186 391 3247 quarn
430 3168 573 3229 aeternis
609 3169 815 3245 postmodum

70 3267 258 3329 cruciatibus
289 3267 465 3345 deputeris.
518 3267 601 3326 Nam
633 3265 688 3343 qui
719 3267 816 3325 modo

70 3377 136 3424 cum
159 3367 231 3427 Iesu
263 3365 416 3444 flagellari
439 3364 621 3441 refugiunt,
651 3364 683 3422 in
708 3362 815 3422 futuro

70 3466 222 3540 tamquam
246 3463 368 3540 indigni
393 3462 449 3522 filii
470 3478 603 3536 aregno
620 3459 745 3521 Christi
762 3476 851 3526 eir-30

72 3556 241 3621 eludentur.

423 3663 450 3706 aa
