2142 4172
236 590 281 651 nil
303 589 390 650 enim
409 591 554 651 durabile
576 591 637 650 sub
659 591 766 665 caelo,
787 590 894 650 solum
917 607 1002 650 vera

237 699 268 749 et
290 697 422 748 aeterna
443 686 563 747 laetitia
592 704 666 746 cum
688 686 810 746 sanctis
836 686 869 747 in
892 687 999 746 caelo.

278 785 353 862 Quo
368 783 460 843 vadis
483 800 570 860 ergo,
592 782 744 858 Domine,
766 791 906 844 curtam
930 783 999 844 cito

236 883 364 943 recedis
393 892 424 941 et
453 881 534 941 istos
565 880 719 942 deseris?
768 881 843 941 Noli
872 882 998 957 mirari,

213 980 302 1044 snoli
318 979 498 1056 indignari3
519 979 598 1054 scio,
616 978 694 1056 quid
711 979 784 1054 leci,
806 979 893 1054 novi,
916 979 996 1056 quid

237 1079 381 1138 lacturus
403 1092 486 1136 sum.
529 1074 620 1136 Alias
648 1076 754 1136 adhuc
783 1093 863 1135 oves
889 1075 996 1134 habeo

236 1174 386 1250 visitare,
415 1173 576 1233 consolari
599 1182 631 1233 et
655 1173 839 1233 confortare
863 1173 897 1232 in
920 1172 995 1233 lide.

237 1273 329 1349 Ipsae
361 1289 413 1332 me
445 1279 615 1348 expectant
646 1280 678 1330 ct
711 1271 848 1331 multum
880 1271 996 1331 videre

236 1371 430 1430 desiderant.
460 1369 550 1430 Vado
573 1385 649 1445 ergo
672 1369 793 1444 adeas,
815 1369 899 1429 sicut
920 1385 995 1444 pro·

201 1484 227 1528 ro
236 1466 311 1526 misi
327 1467 386 1541 eis,
407 1475 442 1525 ut
457 1482 510 1525 me
525 1465 655 1525 videant
672 1475 703 1526 et
717 1466 877 1542 gaudeant
899 1476 932 1526 et
954 1466 995 1526 dc

237 1564 346 1625 verbis
367 1564 451 1625 meis
472 1564 658 1624 nullatenus
680 1564 837 1625 dubitent.
874 1563 995 1625 Osten-

237 1663 309 1722 dam
333 1662 382 1722 eis
403 1662 540 1723 vulnera
561 1678 650 1736 mea,
679 1671 713 1720 ut
738 1661 790 1721 his
811 1661 893 1721 visis
914 1672 995 1722 tam-

237 1776 332 1837 quam
362 1758 482 1835 apertis
512 1757 614 1834 signis
646 1757 782 1818 lirmiter
812 1757 891 1819 mihi
924 1775 993 1818 cre·

237 1859 313 1918 dant
341 1867 373 1918 et
395 1856 547 1917 humanis
576 1855 756 1917 rationibus
785 1855 905 1917 frustra
926 1873 992 1917 non

203 1956 427 2016 rsinbaereant
457 1972 518 2015 nec
548 1954 712 2031 potentiae
744 1971 835 2015 meae
867 1966 992 2016 contra·

237 2052 353 2112 dicant.
383 2052 503 2114 Omnia
519 2052 606 2113 enim
622 2052 702 2113 mibi
718 2052 887 2128 possibilia
907 2065 992 2130 sunt,
1057 2079 1058 2140 4

237 2161 269 2210 ct
291 2150 467 2210 oboediunt
489 2150 527 2209 ad
549 2159 664 2210 nutum
684 2150 859 2222 elementa.
1057 2155 1058 2162 ’

278 2247 387 2308 Laudo
409 2257 440 2307 et
461 2247 607 2324 glorifico
630 2256 672 2322 te,
694 2246 884 2307 dulcissime
907 2247 992 2324 Iesu,

237 2362 295 2422 pro
331 2345 483 2405 omnibus
515 2344 609 2405 lactis
640 2353 672 2404 et
702 2344 852 2405 dulcibus
883 2346 991 2406 verbis
1057 2351 1058 2400 l

201 2441 302 2503 aotuis
334 2451 365 2501 et
396 2441 651 2517 apparitionibus
683 2458 791 2501 coram
823 2441 991 2519 discipulis

238 2539 302 2599 tuis
332 2539 366 2598 in
397 2539 538 2599 diversis
568 2539 650 2599 locis
683 2539 841 2615 dispersis
876 2542 990 2602 nolens

238 2654 295 2697 eos
317 2637 480 2712 orphanos
503 2635 707 2712 relinquere,
731 2635 786 2711 qui
808 2646 939 2713 propter
959 2646 990 2697 te

237 2735 411 2795 doluerunt
432 2741 465 2793 et
486 2731 647 2793 fleverunt
669 2733 872 2808 saepissime.
908 2736 988 2796 Nam

237 2831 413 2892 maximum
451 2848 595 2891 amorem
631 2847 762 2906 semper
797 2832 836 2892 ad
871 2843 903 2893 te
938 2836 989 2894 ha-

202 2933 377 2992 asbuerunt
413 2929 528 2989 faciem
564 2938 651 2989 tuam
687 2929 846 3004 videndo,
883 2941 987 2992 tecum

237 3030 412 3107 loquendo,
433 3038 540 3089 tecum
557 3029 762 3105 ambulando,
781 3038 889 3089 tecum
904 3029 988 3089 navi·

237 3129 356 3205 gando,
389 3137 496 3186 tecum
527 3126 737 3203 hospitando,
768 3137 875 3188 tecum
906 3144 988 3186 com·

238 3226 364 3286 edendo
394 3234 425 3285 et
453 3224 610 3299 bibendo,
639 3233 746 3284 tecum
769 3224 930 3301 vigilando
957 3234 987 3285 et

238 3324 376 3398 orando,
406 3332 514 3383 tecum
546 3321 753 3396 dormiendo,
784 3332 891 3383 tecum
921 3339 987 3381 sur·

201 3421 361 3498 cogendo,
392 3430 423 3480 et
451 3421 490 3481 ad
519 3420 586 3480 oris
615 3419 659 3480 tui
689 3419 815 3479 iussum
845 3430 986 3496 prompte

239 3517 451 3578 oboediendo.
493 3518 646 3594 Cumque
667 3517 824 3577 transires
846 3534 904 3593 per
924 3527 986 3578 sata
1057 3563 1058 3568 η

597 3622 637 3664 zao
