2194 4180
100 595 199 655 saepe
228 578 343 656 gemis.
395 579 501 640 Nemo
533 579 653 640 melius
683 588 791 656 potest
821 588 853 640 te

99 674 212 735 iuvare
227 684 259 736 et
274 676 447 752 consolari,
461 694 558 754 quam
573 676 636 736 iste
651 676 854 749 hortulanus,

100 789 197 833 nemo
219 772 339 833 melius
368 773 446 849 scit,
477 774 505 833 si
534 773 643 834 dicere
671 773 767 849 velit,
799 773 852 834 ubi

102 869 264 931 Dominus
285 880 361 931 tuus
382 880 529 947 portatus
551 871 593 930 sit
611 872 663 932 vel
684 871 854 931 abscondi·

100 976 163 1028 tus.
206 967 316 1029 Credo
339 968 438 1043 enim,
460 969 547 1046 quod
569 985 609 1028 ex
630 984 746 1044 magna
767 983 877 1032 com-⁵

100 1065 253 1141 passione
275 1067 339 1126 huc
370 1065 409 1125 ad
438 1074 470 1126 te
498 1065 642 1142 venerit,
670 1075 705 1125 ut
733 1065 854 1136 indicet

100 1160 169 1236 tibi,
191 1161 245 1221 ubi
267 1161 339 1238 ipse
362 1162 414 1238 sit,
436 1180 533 1240 quem
556 1162 698 1239 quaeris,
727 1171 758 1223 et
780 1163 855 1240 quis

100 1275 176 1319 eum
199 1259 239 1320 de
261 1269 474 1321 monumento
496 1269 592 1321 nocte
614 1261 733 1321 tulerit.

142 1355 171 1417 0
193 1373 345 1434 magnum
368 1357 567 1418 desiderium
596 1358 695 1418 buius
723 1367 854 1419 sanctae

100 1453 249 1514 mulieris
270 1453 510 1515 incessabiliter
524 1455 712 1532 quaerentis
734 1465 765 1516 et
787 1456 891 1531 plo-to

100 1551 218 1612 rantisl
261 1552 425 1629 Obsecro,
453 1553 610 1629 Domine,
638 1554 773 1630 loquere
802 1553 854 1612 ad-

101 1650 166 1709 buc
197 1651 299 1710 semel
331 1651 474 1712 breviter
505 1668 605 1711 unum
637 1653 790 1727 verbum,
821 1652 854 1711 in

100 1763 166 1823 quo
188 1750 338 1809 columba
368 1759 423 1810 tua
452 1767 567 1810 vocem
599 1759 686 1810 tuam
718 1750 855 1810 audiens

100 1854 133 1906 te
156 1856 329 1923 cognoscat
358 1856 389 1908 et
418 1864 495 1924 prae
516 1847 633 1924 gaudio
662 1847 774 1923 sponsi
803 1848 853 1908 sui

100 1952 209 2004 cantet
237 1953 269 2004 et
296 1961 428 2021 gemere
457 1944 603 2005 desistat.
645 1943 691 2004 Te
719 1945 855 2022 quaerit,
867 1961 891 2002 ιε

99 2050 133 2100 te
155 2040 334 2117 desiderat3
356 2057 422 2100 non
438 2051 487 2102 est
503 2050 655 2103 contenta
676 2043 717 2102 de
731 2042 855 2119 angelis

100 2155 209 2215 neque
231 2140 271 2200 de
294 2139 452 2200 creaturis
474 2148 506 2200 et
521 2139 783 2216 quibuscumque
805 2156 856 2199 so-

101 2235 195 2295 laciis
216 2236 378 2297 humanis.
422 2237 581 2313 Loquere,
604 2236 755 2311 Domine,
781 2237 857 2313 quia

101 2332 242 2394 libenter
255 2343 287 2395 te
299 2333 386 2394 audit
406 2333 526 2395 famula
540 2343 605 2409 tua,
619 2335 737 2394 devota
747 2335 856 2395 visita·

99 2429 164 2489 trix
186 2439 249 2491 tua.
293 2429 355 2490 Dic
377 2431 416 2491 ad
439 2449 521 2507 eam,
543 2431 628 2491 sicut
650 2432 688 2491 ad
704 2433 892 2493 dilectamat

100 2527 312 2604 hospitariam
335 2538 422 2588 tuam
446 2528 577 2604 saepius
595 2528 704 2589 dicere
720 2546 856 2590 consue·

101 2625 194 2686 visti:
218 2626 332 2686 illaria.
377 2627 448 2686 Hoc
471 2635 521 2686 est
542 2642 663 2686 nomen
686 2626 768 2700 eius,
794 2630 856 2688 hoc

100 2724 231 2784 anullo
258 2723 413 2784 libentius
435 2723 523 2782 audit
551 2722 731 2798 nominare,
759 2741 855 2800 quarn

100 2830 184 2895 ate,
212 2821 267 2896 qui
298 2837 335 2881 es
356 2837 433 2897 spes
455 2820 552 2880 unica
573 2820 655 2881 eius.
691 2822 765 2882 Non
788 2825 857 2882 vult

15 2905 16 2910 ¹
100 2913 253 2995 amplius,
273 2929 308 2979 tu
331 2935 368 2978 es
390 2918 499 2979 omnia
522 2918 555 2977 in
578 2919 740 2980 omnibus.
865 2931 892 2972 ὅ

141 3015 172 3078 Ο
196 3015 311 3091 illaria,
333 3033 496 3092 cognosce
519 3016 646 3092 lesum,
674 3035 692 3077 a
718 3035 783 3095 quo
805 3035 857 3078 co-

98 3113 282 3190 gnosceris,
304 3112 412 3188 dilige,
436 3130 454 3172 a
475 3129 539 3189 quo
561 3113 650 3190 prior
671 3115 789 3176 dilecta
810 3132 856 3176 es.

101 3211 278 3287 Responde
310 3209 427 3270 dilecta
457 3210 575 3270 dilecto
607 3211 761 3288 magistro
791 3222 858 3287 tuo,

100 3309 211 3370 cordis
239 3307 285 3369 tui
315 3309 497 3369 hortulano.
542 3307 682 3368 Domine
714 3309 857 3383 rabboni,

98 3406 222 3483 gratias
252 3423 311 3482 ago
342 3407 418 3481 tibi,
453 3406 530 3482 quia
560 3405 736 3482 apparuisti
766 3406 893 3466 minino

100 3503 187 3564 Ecce
219 3493 282 3563 i'am
314 3503 436 3578 babeo,
466 3520 564 3580 quem
593 3502 758 3579 quaesivi,
793 3502 855 3562 iarn

142 3607 383 3649 ThomaeaKMed.
464 3607 502 3648 241
727 3608 752 3648 16
