2194 4180
119 429 866 539 Qffzffimafflffi

113 626 256 695 quantae
287 615 439 676 lacrimae
475 621 514 676 ex
550 616 737 694 purissimis
767 620 871 681 oculis

113 714 189 775 eius
204 723 281 775 tunc
293 715 445 789 fluebant,
465 731 561 791 quam
574 715 696 775 calidae
711 726 820 792 guttae
831 734 871 778 ex

111 811 339 890 pudicissimis
360 813 455 889 genis
476 813 549 873 eius
571 823 648 873 tunc
676 814 871 890 pendebant,

112 925 199 988 quae
221 909 262 969 de
283 918 430 970 materno
452 909 544 970 vultu
565 927 665 986 super
693 911 870 973 extinctum

112 1025 236 1084 corpus
255 1015 346 1067 tuum
369 1024 444 1067 mox
466 1007 698 1083 prostillarunt.
728 1009 895 1089 Oquams

111 1104 872 1184 puralabiaindeiunctamembratuapuritatis

112 1212 220 1264 mater
241 1213 318 1265 tunc
340 1203 523 1280 impressit,
551 1220 648 1280 quam
671 1205 820 1267 dolenter
841 1217 873 1268 et

112 1301 275 1363 instanter
305 1299 454 1378 stigmata
484 1312 691 1362 sacrosancta
721 1299 872 1380 inspexit.

113 1399 146 1462 Ο
183 1417 279 1477 quam
316 1399 435 1460 votivis
471 1399 632 1460 bracchiis
663 1401 871 1463 benedictum

35 1554 41 1586 ,¹
112 1497 241 1558 ventris
262 1497 313 1558 sui
335 1497 475 1557 fructum
492 1497 748 1559 circumstrinxit
769 1518 805 1560 ac
827 1510 872 1560 te·
884 1517 909 1559 ιο

112 1595 197 1670 nuit,
219 1612 316 1672 quem
339 1612 398 1671 pro
421 1595 525 1654 salute
541 1595 653 1655 mundi
676 1595 709 1655 in
732 1614 786 1656 ara
802 1614 873 1657 cru·

113 1695 164 1755 cis
187 1694 347 1754 immolari
364 1693 454 1754 vidit.
485 1693 570 1770 Quis
586 1694 777 1755 devotorum
793 1695 872 1755 tanti

113 1791 239 1853 doloris
261 1791 426 1868 angustias
448 1808 574 1868 capere,
596 1791 670 1868 quis
692 1793 871 1853 ubertatem

113 1891 244 1958 illarum
281 1888 487 1949 lacrimarum
523 1888 690 1968 sufficeret
732 1890 872 1967 edicere,

20 1985 23 2000 ¹
114 2004 198 2066 quas
218 1985 273 2063 pia
293 1997 396 2047 mater
419 1987 493 2047 Iesu
515 1996 592 2048 tunc
615 1988 756 2049 effudit?
883 1999 909 2041 1⁵

157 2085 254 2146 Nunc
265 2085 362 2162 igitur
372 2085 491 2145 accede
506 2085 651 2161 propius
667 2085 774 2145 anima
789 2103 871 2162 mea,

111 2192 146 2243 et
170 2182 287 2242 devote
315 2183 463 2243 osculare
492 2182 672 2242 rubicunda
699 2182 773 2242 lesu
802 2185 871 2242 vul·

111 2297 203 2341 nera.
246 2278 426 2356 Siquidem,
448 2297 521 2339 cum
538 2279 696 2356 penderet
717 2279 750 2338 in
774 2297 870 2340 cruce

110 2377 339 2452 conclavatus,
370 2377 459 2437 nulla
487 2377 540 2437 via
565 2377 667 2453 patuit
695 2377 870 2437 accedendi

110 2483 246 2553 propter
267 2475 333 2534 vim
355 2474 466 2551 populi
483 2474 729 2551 comprimentis
751 2486 783 2537 et
803 2476 907 2536 alti-ao

109 2573 260 2635 tudinem
277 2570 401 2648 crucis3
423 2589 511 2632 nunc
526 2589 605 2632 vero
620 2572 653 2631 in
674 2572 748 2633 sinu
763 2591 871 2651 geme-

20 2743 21 2748 ,
109 2671 241 2732 bundae
264 2670 430 2730 invenitur
452 2669 575 2745 matriS,
604 2670 657 2730 ubi
681 2671 871 2731 vulneratus

109 2771 196 2830 iacet
218 2777 250 2830 et
281 2777 439 2829 mortuus.
481 2765 612 2828 Accede
644 2768 769 2844 itaque,
801 2768 871 2845 qui·

110 2884 254 2943 cumque
270 2877 422 2944 peccator
437 2884 584 2944 magnus,
605 2883 703 2943 quem
719 2877 870 2928 aeternae

109 2964 329 3025 damnationis
343 2973 503 3040 perterret
518 2973 635 3041 metus,
657 2964 733 3041 quia
755 2982 813 3041 pro
838 2973 907 3028 teas

109 3061 242 3122 occisus
258 3071 308 3122 est
323 3079 435 3140 agnus,
445 3079 504 3139 pro
519 3071 551 3122 te
567 3062 674 3122 oblata
688 3071 738 3122 est
753 3061 870 3138 hostia,

109 3175 195 3237 quae
226 3159 326 3220 totius
348 3159 460 3220 mundi
483 3159 556 3220 tulit
578 3158 748 3220 offensam.
790 3157 868 3219 Tam

108 3259 185 3335 pius
196 3265 229 3317 et
244 3256 433 3317 misericors
448 3266 498 3318 est
510 3257 673 3317 Dominus
685 3255 789 3331 lesus,
804 3265 868 3317 tam

109 3354 165 3432 pia
192 3363 225 3414 et
246 3353 352 3413 dulcis
380 3363 430 3414 est
452 3353 557 3414 Maria
585 3363 689 3414 mater
716 3352 806 3428 eius,
834 3363 870 3413 ut

110 3469 209 3512 nemo
220 3468 354 3526 vacuus,
363 3469 460 3511 nemo
472 3451 625 3512 abscedat
635 3451 868 3528 inconsolatus
877 3471 905 3512 ao

110 3549 138 3610 si
163 3566 202 3609 ex
224 3558 291 3609 toto
314 3549 411 3610 corde
433 3549 563 3610 veniam
583 3549 808 3625 postulaverit.

472 3654 513 3696 aaa
