2194 4180
93 427 840 536 Quotam&

87 615 245 692 quidquid
262 617 376 676 stando
392 616 444 675 vel
460 615 697 675 deambulando
713 613 844 691 deliqui.

87 712 159 773 Ave
182 712 296 773 Maria.

380 820 431 880 Aa
451 836 553 880 crura.

128 950 158 1013 Ο
188 951 306 1012 decora
327 968 421 1012 crura
443 961 475 1012 et
496 951 632 1012 humilia
652 968 758 1028 genua
781 952 845 1011 Do-

87 1049 167 1108 mini
200 1051 263 1111 mei
295 1052 369 1112 lesu
393 1051 536 1127 Christi,
567 1068 650 1128 quae
681 1067 779 1126 saepe
811 1051 867 1114 ins

87 1146 234 1208 oratione
257 1166 356 1224 super
377 1149 497 1208 nudam
517 1158 635 1209 terram
660 1157 791 1209 curvata
813 1157 845 1208 et

86 1254 247 1321 prostrata
268 1245 415 1305 iacuistis
446 1254 479 1305 et
509 1245 542 1304 in
573 1244 726 1320 passione
754 1245 844 1322 gravi

87 1343 309 1404 stimulatione
344 1353 459 1404 vexata
490 1343 616 1418 fuistis,
651 1343 749 1402 adoro
785 1361 844 1403 vos

13 1445 15 1482 l
86 1442 257 1503 humiliter
285 1449 317 1501 et
345 1441 476 1500 osculor
505 1441 696 1517 suppliciter
727 1457 844 1517 rogans

85 1541 168 1600 mihi
190 1538 372 1617 promptius
394 1538 530 1615 ignosci,
552 1539 703 1615 quotiens
724 1538 758 1599 in
782 1538 843 1598 Dei
856 1554 881 1596 ιο

86 1637 222 1698 servitio
252 1636 343 1713 piger
371 1646 403 1696 et
434 1635 607 1696 indevotus
629 1635 730 1696 extiti.
772 1634 843 1696 llve

87 1735 204 1794 Nlaria.

355 1813 405 1873 Ad
425 1818 574 1874 ventrem.

127 1945 843 2008 OsaceretincontaminatusventerDomini

84 2045 151 2106 mei
170 2045 244 2104 lesu
267 2043 404 2120 Christi,
426 2061 523 2120 quem
548 2044 688 2122 portavit
710 2055 742 2106 et
765 2045 843 2106 aluit
855 2063 880 2104 15

85 2141 256 2219 virginalis
271 2141 344 2202 aula
360 2152 491 2202 sanctae
503 2142 638 2219 Mariae,
660 2143 715 2220 qui
732 2143 843 2204 multis

84 2239 280 2300 verberibus
323 2237 412 2299 fuisti
455 2239 614 2299 acerrime
654 2256 844 2324 percussus,

84 2337 186 2397 adoro
198 2345 229 2396 te
245 2335 416 2413 dignanter
426 2346 458 2397 et
468 2338 600 2397 osculor
610 2338 845 2415 compatienter

84 2433 277 2511 supplicans
298 2434 379 2494 mihi
409 2434 563 2510 relaxari,
593 2435 746 2511 quotiens
774 2453 844 2496 cor-

84 2532 156 2608 pori
189 2548 263 2591 meo
295 2532 504 2608 ampliorem,
535 2549 631 2608 quarn
662 2534 880 2594 necessitasao

84 2629 245 2705 exigebat,
269 2647 379 2689 curam
403 2629 558 2705 impendi.
600 2628 671 2691 Ave
694 2631 809 2691 illaria.

382 2832 434 2892 Aa
455 2834 550 2893 lotus.

126 2965 156 3026 Ο
180 2963 408 3041 dignissimum
431 2965 516 3025 latus
532 2964 663 3024 Domini
687 2963 750 3025 mei
768 2965 842 3024 lesu

87 3061 225 3136 Christi,
241 3061 273 3120 in
286 3079 350 3138 quo
366 3062 467 3121 divini
484 3063 605 3138 amoris
621 3071 708 3139 patet
721 3063 843 3122 vulnus

86 3151 290 3236 amplissime
312 3159 555 3236 transforatum,
577 3160 676 3220 adoro
698 3170 729 3219 te
752 3176 879 3235 prae-as

86 3256 182 3332 cipue
205 3266 237 3316 et
258 3257 390 3316 osculor
410 3258 583 3333 perintime
600 3258 747 3334 flagitans
762 3256 842 3316 mihi

86 3354 216 3414 veniam
229 3355 375 3430 concedi,
390 3355 542 3431 quotiens
554 3353 718 3414 caritatem
731 3352 843 3413 frater-

86 3467 160 3508 nam
185 3450 264 3510 laesi
288 3459 319 3510 et
341 3452 380 3510 ab
409 3469 519 3512 amore
542 3451 674 3512 caelesti
699 3450 842 3526 refrigui.

86 3543 158 3607 Ave
181 3547 296 3608 illaria.

447 3653 488 3695 nos
