2078 4182
248 418 990 532 Qunam&

279 611 347 672 Vae
369 608 460 685 milri,
482 608 568 686 quod
588 615 652 668 tam
672 623 786 683 parum
806 623 939 683 possum
956 606 994 667 de

240 709 337 770 fratre
359 724 433 768 meo
455 706 611 781 tolerare,
639 703 667 765 si
696 703 774 780 quid
804 712 916 763 contra
943 720 994 764 me

238 807 356 868 dixerit
376 806 428 867 vel
453 801 576 865 iecerit.
605 800 653 862 Tu
670 801 780 862 ludam
800 801 992 877 discipulum

237 914 328 964 tuum
351 909 439 963 tanto
461 912 618 978 tempore,
640 917 713 960 cum
737 908 827 960 esset
846 898 994 959 venditor

214 1010 313 1065 stuus
344 1010 377 1060 et
406 999 541 1060 traditor
572 998 719 1073 iuturus,
755 997 827 1058 sine
863 997 993 1074 querela

237 1097 450 1174 supportasti:
480 1114 540 1174 ego
568 1105 676 1165 autem
704 1112 763 1171 pro
792 1094 920 1155 modica
947 1095 992 1154 in-

236 1195 320 1255 iuria
341 1194 405 1255 cito
427 1193 551 1256 irascor
574 1203 606 1254 et
627 1194 667 1255 ad
688 1192 919 1253 vindicandum
941 1209 992 1252 me

237 1310 296 1354 seu
319 1292 540 1352 excusandum
559 1291 665 1352 varias
682 1289 897 1367 cogitationes
917 1288 992 1349 ima-

236 1389 338 1467 ginor.
381 1388 443 1450 Vbi
466 1397 516 1450 est
538 1397 615 1448 tunc
641 1387 859 1447 mansuetudo
888 1395 920 1446 et
941 1403 992 1462 pa-

202 1486 349 1548 tollentia
370 1487 469 1548 mea?

276 1583 405 1644 Adiuva
425 1601 495 1660 me,
525 1585 599 1644 lesu
621 1583 723 1659 bone,
752 1592 785 1642 et
806 1589 991 1642 mansuetu-

236 1681 322 1742 dinis
357 1689 431 1742 tuae
462 1681 615 1742 virtutem
653 1680 871 1741 abundantius
903 1679 990 1739 cordi

235 1795 309 1839 meo
331 1778 451 1855 insere,
472 1779 548 1866 quia
569 1779 641 1839 sine
660 1787 715 1839 tua
736 1777 870 1854 speciali
892 1775 992 1854 gratia

235 1884 266 1936 et
295 1875 507 1952 inspiratione
533 1894 641 1954 neque
667 1874 909 1952 tranquillitatis
937 1875 991 1935 bo·

200 1997 225 2038 rs
234 1990 312 2033 num
334 1989 469 2049 possum
491 1973 577 2034 inter
597 1983 685 2035 tanta
699 1973 784 2034 vitae
799 1972 899 2034 huius
915 1989 991 2032 con-

234 2070 332 2132 traria
353 2071 532 2148 possidere.

441 2279 712 2358 [cnrlrvnvn
737 2281 788 2358 n]

281 2415 327 2474 De
346 2413 478 2474 tristitia
499 2419 532 2475 et
547 2429 669 2490 pavore
687 2415 757 2474 lesu
778 2430 838 2490 pro
861 2413 952 2474 nobis

520 2512 703 2587 assumptis.

197 2692 224 2732 ῃ
234 2605 481 2826 &medico
504 2672 536 2723 et
551 2663 670 2741 gratias
685 2680 744 2740 ago
759 2663 828 2739 tibi,
852 2662 991 2724 Domine

360 2761 434 2820 lesu
446 2760 591 2837 Christe,
602 2761 748 2822 omnium
760 2761 905 2823 fidelium
916 2778 991 2821 con-

234 2859 319 2919 ditor
346 2869 378 2919 et
406 2858 608 2935 redemptor,
638 2876 697 2935 pro
725 2859 878 2920 doloroso
899 2857 991 2918 initio

234 2955 457 3017 amarissimae
487 2955 651 3031 passionis
681 2964 772 3033 tuae,
802 2974 862 3033 pro
892 2955 991 3017 nimia

234 3053 364 3114 tristitia
385 3053 511 3114 animae
529 3061 614 3130 tuae,
635 3071 694 3130 pro
709 3054 871 3115 anxietate
893 3062 924 3113 et
939 3070 991 3129 pa-

197 3168 312 3214 asvore
334 3151 482 3212 infirmae
503 3162 638 3213 naturae
660 3152 784 3228 carnis,
815 3168 911 3229 quam
933 3167 991 3227 pro

233 3248 328 3309 nobis
343 3249 526 3311 voluntarie
552 3249 771 3327 assumpsisti,
793 3249 923 3326 quando
945 3248 990 3308 in·

233 3354 339 3407 stante
360 3347 441 3407 lrora
458 3347 642 3408 traditionis
662 3346 798 3423 coepisti
819 3362 938 3423 pavere
960 3354 991 3405 et

234 3454 379 3504 maestus
394 3461 479 3505 esse.
503 3444 612 3522 Atque
627 3445 764 3505 eandem
780 3445 943 3509 tristitiam
959 3443 990 3502 in

235 3542 368 3602 auribus
377 3541 611 3618 discipulorum
620 3551 749 3602 tuorum
758 3558 824 3602 non
833 3540 990 3603 erubuisti

598 3646 626 3688 sa
