2152 4174
53 405 807 515 Qffitbmufflffiffl

47 593 279 654 clamaverunt
307 594 471 655 dicentes:
500 593 588 670 Ave,
617 613 674 657 rex
700 596 812 656 Iudae·

48 709 159 751 orum.

88 789 145 850 An
180 789 326 866 respice,
357 791 455 850 homo
486 791 651 866 mortalis,
687 792 810 868 peccati

47 904 190 962 servus,
219 887 349 964 quantis
370 904 428 964 pro
452 897 484 948 te
507 889 682 966 angoribus
704 899 736 949 et
758 889 813 950 de·

47 986 223 1062 spectibus
254 985 414 1046 subicitur
445 987 569 1047 aeterni
605 989 706 1065 patris
742 988 835 1049 uni-s

48 1084 195 1160 genitus
251 1083 351 1161 Aperi
382 1085 502 1145 mentis
533 1085 678 1147 auditum
710 1095 742 1146 et
773 1087 811 1146 ad

48 1182 172 1242 durum
193 1181 286 1242 Pilati
309 1183 484 1242 clamorem
507 1183 596 1259 pium
615 1166 744 1244 resolve
758 1200 812 1261 ge·

49 1279 170 1338 mitum
193 1295 231 1338 ac
253 1278 375 1339 fletum.
423 1279 523 1356 Ecce,
552 1280 674 1358 inquit,
703 1282 811 1341 bomo.

50 1375 81 1436 Si
106 1393 178 1453 qua
199 1393 275 1453 ergo
298 1377 426 1437 viscera
454 1386 529 1438 sunt
557 1377 591 1438 in
615 1387 647 1438 te
672 1378 812 1454 pietatis,

50 1484 140 1535 totus
172 1473 351 1550 ingemisce
380 1484 412 1535 et
441 1475 663 1537 collacrimare
688 1477 811 1537 auctori
824 1496 848 1537 ro

50 1571 290 1632 universitatis.

90 1671 208 1731 Laudo
230 1679 262 1730 et
283 1670 433 1731 beatifico
455 1680 497 1746 te,
519 1672 708 1731 honorande
728 1671 812 1746 lesu,

51 1786 109 1843 pro
133 1768 326 1845 despicabili
356 1768 411 1828 illa
435 1769 706 1845 subsannatione,
735 1771 811 1830 dum

52 1867 180 1944 fragilis
209 1867 333 1926 arundo
361 1865 418 1926 tibi
450 1865 484 1926 in
515 1867 648 1928 dextera
679 1867 814 1927 dabatur

50 1983 109 2040 pro
134 1973 267 2041 sceptro
289 1963 387 2040 regali
403 1965 443 2024 ad
458 1964 632 2025 deterioris
648 1965 813 2025 conlusio·
825 1986 849 2027 rs

50 2063 103 2124 nis
115 2063 368 2138 incrementum,
381 2063 473 2140 quasi
485 2064 679 2125 temerarius
692 2065 813 2126 luisses

52 2171 230 2238 usurpator
251 2159 359 2237 regiae
382 2159 557 2237 dignitatis

94 2261 207 2320 Laudo
229 2267 261 2318 et
283 2259 388 2319 exalto
409 2267 442 2318 te
464 2276 522 2336 pro
540 2259 727 2319 durissimis
742 2275 813 2336 per-

53 2357 267 2418 cussionibus
288 2355 423 2416 sauciati
446 2355 561 2432 capitis
578 2355 635 2430 tui,
658 2372 731 2415 cum
754 2354 813 2414 im-

53 2454 289 2515 misericordes
316 2453 380 2513 viri
409 2462 441 2513 et
465 2463 605 2514 tortores
626 2452 849 2516 saevissimiao

53 2554 162 2612 levato
190 2552 288 2612 altius
316 2552 431 2612 baculo
461 2551 641 2611 arundineo
664 2559 812 2610 sanctum

54 2651 213 2711 verticem
244 2659 336 2710 tuum
373 2650 497 2711 crebris
533 2649 651 2710 ictibus
687 2648 814 2709 fortiter

54 2757 264 2825 pupugerunt
281 2764 318 2807 ac
334 2747 510 2808 foetentem
527 2747 594 2807 oris
610 2747 661 2808 sui
677 2747 811 2808 salivam

56 2855 210 2923 superte
231 2844 294 2904 iam
317 2846 418 2906 altera
432 2845 504 2905 vice
522 2847 693 2923 expuendo
715 2863 813 2906 vene·

55 2945 141 3005 natis
163 2943 285 3019 linguis
306 2944 524 3020 proiecerunt.
822 2958 850 2999 2⁵

96 3041 296 3120 Egredimini
319 3057 423 3115 nunc,
452 3040 537 3101 filiae
561 3042 753 3117 Ierusalem,
782 3054 814 3102 et

57 3141 165 3201 videte
197 3156 307 3216 regem
339 3138 547 3199 Salomonem
580 3156 653 3200 cum
684 3156 814 3214 corona,

58 3254 120 3312 qua
143 3236 310 3297 coronavit
332 3253 407 3296 eum
430 3245 535 3296 mater
556 3253 629 3310 sua,
651 3254 814 3314 synagoga

60 3333 268 3409 ludaeorum,
299 3334 332 3393 in
361 3333 413 3394 die
442 3333 605 3410 passionis
631 3350 720 3394 suae.
764 3334 813 3393 In-

59 3431 206 3506 tuemini,
228 3440 368 3508 quantus
390 3441 440 3490 est
461 3430 540 3505 iste,
561 3430 617 3506 qui
640 3430 850 3506 egreditur.ao

60 3530 146 3590 Cum
182 3539 301 3606 quanta
335 3528 512 3589 afflictione
548 3539 580 3588 et
618 3526 814 3588 contumelia

99 3637 192 3675 Romae
206 3647 221 3674 a
235 3637 263 3675 K.
278 3633 338 3676 Med.
427 3633 453 3676 97
695 3632 707 3673 7
