2194 4180
222 605 344 668 tantum
368 595 504 672 obsequi
527 595 583 655 tibi
606 595 640 654 in
663 595 729 656 vita
749 605 805 655 tua
827 604 858 656 et
881 597 976 672 sequi

222 704 253 755 te
284 710 343 770 per
376 693 469 754 vicos
504 702 536 753 et
567 694 701 754 castella
731 694 769 754 ad
798 693 977 755 videndum

222 791 314 868 signa
334 800 390 851 tua
411 801 443 852 et
470 791 643 866 miracula,
671 807 755 868 quae
784 790 890 851 fecisti
912 791 979 851 vir-

221 898 289 949 tute
312 888 421 948 divina
443 888 530 949 omni
554 888 649 949 laude
670 899 702 950 et
724 890 849 949 honore
871 889 979 966 digna,

200 987 280 1048 ssed
311 986 407 1046 etiam
439 995 471 1046 te
502 995 616 1046 secuta
646 995 695 1046 est
726 995 914 1046 constanter
944 996 979 1046 et

222 1087 437 1144 lamentanter
467 1082 499 1143 in
531 1082 687 1159 passione
716 1091 772 1143 tua
803 1100 908 1161 usque
937 1084 978 1143 ad

222 1191 359 1243 mortem
383 1181 490 1241 crucis
513 1198 587 1241 curn
610 1189 722 1240 sancta
745 1179 850 1240 Maria
873 1189 978 1240 matre

222 1289 276 1339 tua
298 1286 330 1338 et
352 1294 425 1337 cum
455 1277 567 1338 multis
596 1277 669 1338 aliis
698 1277 825 1362 devotis
854 1262 978 1338 sanc’tis

222 1375 415 1436 mulieribus
438 1375 687 1435 condolentibus
709 1374 766 1436 tibi
790 1383 822 1434 et
844 1373 979 1433 amaris-

188 1474 306 1538 msime
337 1472 491 1534 flentibus
523 1473 555 1532 in
585 1471 639 1531 via
665 1472 705 1532 de
733 1481 788 1532 tua
809 1471 978 1532 innocenti

223 1581 326 1632 morte
348 1582 380 1631 et
400 1569 593 1648 gravissima
608 1585 721 1639 cruce.
751 1568 978 1646 igiturquam-

222 1668 276 1728 diu
293 1668 405 1728 videre
427 1676 458 1726 te
474 1675 609 1743 poterat,
631 1668 830 1743 sequebatur
844 1681 977 1725 crucem

222 1766 389 1842 plorando,
409 1765 581 1842 gemendo,
603 1763 818 1838 condolendo,
839 1761 979 1838 vestigia

222 1864 341 1940 pedum
357 1872 487 1924 tuorum
503 1861 752 1935 considerando,
767 1876 884 1921 manus
899 1876 978 1919 suas

189 1987 213 2028 rs
223 1961 484 2039 comprimendo,
511 1970 625 2036 pectus
646 1958 830 2032 tundendo,
859 1956 977 2017 faciem

223 2075 314 2117 suam
326 2057 501 2118 uberrimis
513 2056 656 2118 lacrimis
668 2057 800 2134 rigando
816 2064 848 2116 et
864 2055 979 2115 oeulos

222 2155 446 2231 abstergendo.
490 2155 576 2232 Quia
598 2154 643 2215 nil
667 2154 774 2214 carius
791 2154 909 2230 lacere,
931 2153 977 2213 nil

222 2253 341 2330 melius
363 2251 552 2313 aestimabat
574 2269 672 2328 posse
694 2252 858 2326 adiuvare,
879 2267 977 2327 quam

223 2351 337 2411 intime
366 2350 541 2410 condolere
570 2358 602 2409 et
634 2358 700 2409 tota
729 2349 782 2409 die
812 2365 850 2408 ac
880 2356 978 2408 nocte

186 2447 426 2508 mamarissime
449 2447 528 2508 flere
550 2464 587 2507 ac
610 2448 739 2508 dolores
768 2455 842 2506 tuos
871 2445 978 2505 inces-

223 2555 334 2606 santer
355 2544 543 2621 recogitare.
586 2542 707 2604 Omnia
722 2542 885 2620 siquidem
907 2542 978 2602 vul·

222 2658 302 2702 nera
321 2649 377 2700 tua
398 2641 482 2701 sicut
504 2659 564 2701 sua
579 2640 739 2717 reputavit
761 2649 803 2716 et,
824 2657 889 2718 quo
910 2657 978 2700 am·

224 2739 309 2816 plius
324 2748 355 2798 te
372 2739 494 2814 dilexit,
511 2754 550 2798 eo
565 2736 795 2798 vehementius
810 2737 979 2798 condoluit

223 2848 255 2898 et
277 2836 376 2896 flevit.
419 2835 572 2911 Cumque
600 2844 632 2895 te
661 2834 783 2895 nudum
813 2834 902 2895 cruci
931 2835 979 2894 af-

186 2935 322 2997 asllxum
346 2941 505 3007 cerneret,
527 2933 630 2993 stabat
651 2932 741 2993 iuxta
755 2948 885 2992 crucem
901 2948 977 2992 cum

223 3042 325 3092 matre
347 3041 411 3105 tua,
440 3040 560 3107 quanto
582 3030 716 3107 propius
737 3031 894 3090 accedere
922 3047 979 3090 au·

222 3129 334 3202 debat,
365 3136 396 3186 et
418 3127 589 3204 multiplici
613 3128 724 3188 dolore
746 3126 836 3186 intus
856 3126 980 3187 afflicta

223 3241 281 3301 pro
307 3225 397 3283 nulla
424 3222 594 3284 remundi
623 3240 641 3282 a
669 3239 766 3283 cruce
795 3224 979 3300 recedebat,

223 3323 281 3382 sed
304 3339 408 3398 usque
430 3323 470 3382 ad
491 3330 629 3382 mortem
653 3320 709 3380 tibi
732 3329 764 3380 et
785 3318 878 3379 matri
900 3329 979 3381 tuae

186 3420 414 3486 aolidelissime
430 3419 634 3479 adhaerebat.
670 3417 795 3477 Videns
814 3426 921 3476 autem
944 3425 979 3477 te

224 3517 305 3577 mori
322 3517 354 3576 in
367 3531 463 3575 cruce
480 3532 552 3575 cum
570 3530 685 3591 magno
702 3513 854 3590 clamore,
869 3513 981 3574 anima

581 3619 622 3660 248
