2194 4180
272 371 617 485 mu,
629 431 648 485 1,
661 371 1012 486 tow
1074 487 1080 502 1

283 607 329 667 De
350 607 479 667 lavacro
507 607 639 667 animae
666 624 704 668 ex
727 607 837 667 multis
859 607 1001 668 lacrimis

284 703 398 764 beatae
417 704 544 765 Mariae
563 705 779 780 magdalenae
802 708 835 765 et
861 704 1002 766 aliorum
1069 694 1080 734 ³

544 807 738 863 sanctorum.
1071 793 1080 850 ⁹

1071 890 1080 932 s

305 951 467 1028 Quotiens
502 950 652 1011 lacrimas
681 950 807 1013 Christi
845 969 950 1029 penso
990 963 1023 1014 et
1072 989 1080 1046 p

229 1049 402 1112 saliorum
445 1056 631 1110 sanctorum
675 1047 774 1108 fletus
813 1057 846 1109 et
880 1050 1023 1126 gemitus
1072 1088 1080 1128 c

266 1155 375 1207 mente
403 1147 557 1222 revolvo,
588 1146 704 1208 merito
735 1146 769 1208 in
798 1157 921 1208 memet
950 1149 1023 1226 ipso

265 1242 361 1303 tacite
397 1244 580 1304 confundor
610 1254 643 1306 et
677 1245 771 1305 valde
808 1261 917 1305 coram
952 1247 1024 1307 Deo
1073 1284 1080 1324 ς

266 1342 424 1402 erubesco
453 1351 486 1402 et
506 1342 618 1403 multis
645 1342 749 1420 plagis
775 1352 808 1404 et
828 1343 1023 1420 increpatio·
1073 1382 1080 1422 fl

265 1439 362 1500 nibus
377 1440 509 1517 dignum
525 1457 578 1500 me
593 1440 702 1501 iudico
717 1450 750 1500 et
764 1450 928 1518 stupesco,
947 1441 1024 1518 quia
1073 1479 1080 1535 p

232 1560 256 1601 io
266 1538 437 1599 ulcerosus
466 1555 538 1599 sum
561 1546 593 1598 et
614 1555 680 1599 non
703 1539 816 1615 lugeo,
844 1555 1023 1614 percussus
1073 1561 1080 1616 ι,

266 1644 298 1694 et
319 1652 385 1696 non
407 1636 512 1713 doleo,
533 1635 703 1696 scabiosus
718 1645 751 1696 et
765 1653 830 1696 non
847 1653 953 1713 gemo,
975 1636 1024 1697 in·
1073 1673 1080 1714 e

267 1731 419 1808 quinatus
434 1743 467 1794 et
483 1751 549 1795 non
564 1734 670 1809 abluo,
692 1734 887 1794 intoxicatus
902 1744 935 1796 et
956 1752 1025 1795 me·
1073 1773 1080 1829 f

267 1829 407 1891 dicinam
429 1848 495 1893 non
517 1831 666 1906 adhibeo,
688 1832 805 1893 debilis
820 1840 853 1892 et
872 1831 1025 1892 infirmus

267 1938 300 1988 et
328 1928 490 1991 medicum
520 1929 634 1991 salutis
663 1928 857 2006 tempestive
886 1946 952 1990 non
975 1946 1024 1990 re·
1072 1953 1080 2010 h

233 2040 258 2083 15
268 2025 371 2102 quiro.
1072 2065 1080 2106 n

308 2123 376 2184 Vae
398 2124 488 2200 mihi,
511 2124 586 2201 quia
607 2142 647 2186 ex
662 2124 772 2185 verbis
790 2133 823 2184 et
837 2124 931 2185 lactis
947 2124 1022 2184 lesu
1072 2157 1078 2203 t

267 2238 333 2281 non
355 2229 419 2281 tam
442 2221 506 2281 cito
528 2238 663 2282 moveor
684 2221 723 2281 ad
745 2221 857 2282 fletum
875 2220 960 2282 sicut
981 2237 1024 2281 ex
1072 2261 1077 2301 4

269 2319 387 2379 labulis
408 2318 577 2378 bominum
600 2319 639 2379 ad
662 2319 774 2380 risum.
804 2319 888 2379 Nam
904 2318 1024 2379 cotidie

268 2433 368 2492 pecco
397 2426 429 2478 et
451 2416 520 2476 lere
549 2416 637 2476 omni
667 2425 833 2476 momento
858 2415 892 2476 in
914 2415 1025 2492 aliquo

231 2515 391 2575 aoexcedo
413 2522 445 2574 et
466 2515 563 2591 quod,
588 2515 695 2575 lacere
718 2523 842 2588 teneor,
864 2530 928 2573 non
951 2531 1026 2590 per·

269 2609 353 2686 ficio,
374 2621 407 2672 et
427 2621 536 2672 tamen
558 2611 659 2671 rideo.

308 2710 377 2770 Vae
399 2709 490 2784 mihi,
511 2708 587 2786 quia
609 2725 683 2768 cum
704 2707 809 2769 Maria
830 2707 1027 2784 magdalena

268 2808 307 2868 ad
329 2807 430 2884 pedes
453 2806 527 2866 lesu
549 2822 615 2866 non
636 2805 769 2882 procido
792 2814 824 2866 et
849 2822 889 2865 ex
911 2805 1025 2867 dolore

269 2904 377 2964 cordis
398 2920 464 2964 non
480 2903 584 2980 ploro,
605 2912 640 2963 ut
654 2902 784 2963 veniam
799 2918 927 2962 merear
949 2920 1026 2963 cum

232 3001 333 3062 asilla.
376 3000 550 3077 OlVlaria,
578 3010 743 3062 memento
772 3000 836 3061 mei
866 3000 964 3061 etiam
991 3003 1026 3062 in
1058 3010 1060 3023 '

270 3101 330 3160 hac
352 3101 432 3160 hora
457 3108 490 3160 et
511 3116 567 3159 ora
588 3115 646 3176 pro
668 3115 721 3158 me
744 3098 853 3159 lesum
874 3098 928 3174 pia
950 3116 1027 3176 sup·

268 3197 453 3273 plicatione,
474 3197 628 3275 quamdiu
650 3197 726 3258 vivo
748 3198 782 3259 in
804 3214 941 3274 corpore
964 3198 1027 3258 lra-

269 3295 324 3371 gili
347 3296 433 3357 etin
455 3296 567 3357 multis
591 3295 754 3372 delinquo.

310 3392 378 3453 Vae
401 3393 492 3470 mibi,
516 3393 677 3470 quianon
698 3392 791 3468 ploro
816 3410 890 3452 cum
913 3405 1027 3455 sancto
1055 3393 1057 3466 J

232 3490 368 3551 aoPetro
410 3491 443 3550 in
485 3492 585 3551 choro
622 3490 674 3550 vel
714 3488 748 3549 in
788 3490 860 3550 loco
897 3501 1026 3552 secreto
1054 3503 1055 3525 ¹

628 3595 670 3638 272
