2118 4180
277 610 405 671 Dehinc
440 609 473 670 in
501 610 631 669 hortum
667 626 686 669 a
712 596 852 671 tumultu
881 607 997 686 populi

235 717 419 786 separatum
448 724 506 783 pro
539 715 667 767 secreto
698 706 854 768 orationis
883 715 997 783 aptum

236 823 309 866 cum
332 804 502 881 discipulis
520 803 661 864 introisti
684 804 794 881 ibique
809 803 871 864 ad'
863 804 997 864 initium

235 904 383 964 dolorum
399 911 431 963 et
446 918 557 962 sacrae
572 902 735 978 passionis
750 911 782 962 te
794 901 996 978 praeparasti

211 1001 279 1061 sita
300 1000 469 1077 inquiens:
499 1001 617 1061 Sedete
639 1001 693 1061 hic
720 1010 752 1061 et
773 997 905 1077 vigilate
929 1017 997 1060 me·

234 1116 320 1174 cum,
341 1099 445 1158 donec
467 1099 581 1158 vadam
604 1098 681 1158 illuc
703 1107 735 1159 et
756 1115 857 1159 orem.

274 1195 422 1257 Obsecro
444 1204 476 1255 te
501 1212 606 1271 nunc,
634 1195 782 1272 piissime
805 1197 899 1273 lesu,
929 1213 996 1256 ma·

232 1293 334 1370 gister
353 1302 385 1353 et
401 1291 541 1353 Domine
557 1309 661 1368 meus,
683 1302 718 1354 ut
734 1293 814 1353 mihi
830 1293 995 1354 vilissimo

233 1391 395 1468 peccatori
424 1399 456 1451 et
485 1389 616 1466 indigno
641 1390 803 1467 mancipio
831 1400 888 1451 tuo
918 1407 995 1453 con-

200 1508 225 1549 ro
234 1491 331 1551 cedas
359 1490 399 1550 de
427 1498 492 1550 tarn
521 1488 653 1548 caelesti
682 1505 834 1549 sermone
866 1497 899 1549 et
928 1498 993 1550 tam

233 1586 352 1647 vividis
378 1586 537 1664 exemplis
562 1595 693 1647 actuum
714 1595 845 1646 tuorum
868 1586 995 1648 intenta

233 1692 343 1744 mente
365 1683 523 1744 meditari.
560 1684 609 1743 Da
625 1683 799 1760 praecipue
822 1683 860 1742 ad
883 1684 995 1744 omnia

233 1779 370 1841 humilia
384 1797 483 1856 opera
497 1789 529 1840 et
544 1781 676 1841 servilia
691 1779 848 1857 obsequia
858 1780 994 1842 flectere

233 1879 396 1939 cervicem
412 1895 517 1939 meam
533 1878 741 1939 durissimam
763 1887 795 1938 et
816 1879 993 1955 superbam

199 1988 224 2031 15
233 1975 493 2037 erubescentiam
510 1975 657 2036 funditus
671 1976 814 2051 vincere,
829 1984 994 2052 quatenus

233 2090 298 2133 non
327 2073 433 2133 solum
463 2071 590 2133 devotis
619 2072 772 2133 iratribus
803 2082 835 2133 et
865 2073 993 2148 amicis,

232 2171 409 2231 sedetiam
432 2169 603 2230 contrariis
625 2170 704 2231 mihi
727 2170 878 2247 personis
893 2171 993 2232 mori-

232 2268 293 2327 bus
315 2269 367 2328 vel
389 2267 546 2328 membris
561 2267 706 2327 distortis
722 2267 844 2328 discam
859 2268 992 2345 pietatis

231 2365 422 2442 impendere
462 2364 653 2425 ministeria
712 2364 786 2425 Non
826 2365 868 2424 sit
909 2364 991 2426 mihi

195 2479 328 2538 mgrave
350 2463 479 2523 veniam
506 2479 563 2539 pro
586 2461 670 2522 meis
698 2462 914 2540 neglegentiis
939 2480 992 2541 pe-

230 2569 310 2636 tere,
333 2561 461 2637 quando
483 2568 528 2636 tu,
551 2561 643 2620 Deus
664 2575 769 2636 meus,
790 2561 993 2620 verecunda·

230 2666 283 2718 tus
305 2674 371 2717 non
393 2674 430 2717 es
452 2674 560 2718 coram
576 2657 746 2734 discipulis
766 2657 831 2717 tuis
853 2659 992 2719 sanctis·

231 2755 314 2815 sima
334 2772 441 2832 genua
462 2763 518 2815 tua
538 2755 571 2815 in
594 2755 730 2815 lavando
746 2754 888 2814 flectere.
921 2753 992 2814 Tuo

231 2868 308 2928 ergo
336 2852 536 2912 admonitum
566 2851 753 2928 exemplo
745 2868 821 2912 ruva
849 2867 902 2910 me
934 2851 993 2912 im·

194 2949 332 3025 25plere,
354 2950 440 3026 quod
462 2950 502 3009 de
523 2958 555 3010 te
576 2949 672 3009 audio
695 2957 727 3009 et
749 2949 831 3025 lego.

270 3048 393 3108 Verum
417 3047 492 3124 quia
513 3047 607 3108 valde
629 3046 840 3114 deiectuosus
862 3063 938 3106 sum
963 3054 992 3108 et

231 3144 342 3204 multis
353 3144 447 3205 malis
458 3143 710 3204 affectionibus
702 3143 901 3221 inquinatus,
916 3144 992 3205 ideo

232 3258 314 3317 opus
343 3250 392 3301 est
414 3242 494 3302 milri
517 3260 632 3320 magna
656 3242 846 3320 purgatione
875 3242 915 3302 ad
947 3243 992 3303 di·

231 3339 350 3399 luenda
364 3348 505 3414 peccata.
534 3339 585 3400 Ad
599 3348 632 3399 te
654 3339 752 3416 igitur
768 3357 885 3399 manus
900 3357 992 3401 meas

195 3437 378 3513 aoexpando
408 3446 439 3498 et
467 3454 573 3514 genua
602 3436 709 3497 cordis
731 3437 795 3497 mei
822 3437 993 3499 humiliter

232 3534 327 3595 ilecto
350 3552 456 3609 orans,
478 3543 513 3595 ut
534 3550 600 3593 non
600 3542 746 3678 52tantum
769 3534 870 3610 pedes
888 3552 991 3609 meos,
