2144 4168
509 493 674 548 Epllegomena.

216 644 369 704 Zenner¹
399 643 516 717 verba,
547 659 630 719 quae
658 645 772 718 267,3
802 641 978 718 leguntur:

218 723 341 796 „Flevit
368 723 465 784 etiam
495 732 628 783 sanctus
659 731 885 799 paternoster
906 721 979 782 Au-

216 804 384 881 gustinus“
428 803 518 880 operi
561 821 580 862 a
622 801 819 864 Cartusiano
861 803 978 880 aliquo

217 885 338 960 scripto
369 902 387 944 a
417 883 575 944 canonico
606 885 719 944 nescio
750 901 815 961 quo
846 883 978 943 ordinis

217 965 320 1026 sancti
349 963 524 1041 Augustini
556 964 663 1024 addita
691 981 766 1024 esse
794 963 978 1039 contendit,

218 1063 256 1106 ea
283 1044 508 1122 tergiversatio
537 1061 613 1104 esse
641 1044 722 1105 mihi
744 1043 876 1104 videtur
903 1061 977 1105 rem

218 1126 374 1186 lubricam
397 1125 605 1201 excusantis,
626 1141 692 1185 non
713 1124 837 1184 tuentis
858 1126 977 1201 proba·

217 1207 316 1266 bilem
339 1204 585 1282 argumentatio.
628 1205 694 1266 lam
718 1222 796 1265 vero
819 1214 854 1265 ut
878 1206 978 1266 intel·

218 1287 323 1363 legas,
351 1303 448 1362 quam
478 1294 566 1346 recte
589 1285 714 1346 dicatur
742 1285 839 1345 illud:
873 1285 977 1357 „Dies

218 1367 304 1428 diem
326 1366 451 1441 docet“,
480 1367 541 1426 sub
570 1375 660 1442 patre
689 1365 745 1425 illo
775 1365 976 1427 Cartusiano

218 1465 305 1507 nunc
341 1447 565 1506 demonstrare
596 1463 700 1523 ‚posse
742 1446 823 1505 mihi
859 1445 978 1507 videor
1053 1493 1054 1500 .

218 1528 325 1603 ipsum
347 1525 505 1587 'rhomam
527 1536 675 1587 nostrum
705 1526 823 1602 latere,
852 1527 976 1604 quippe
1053 1591 1054 1596 ,

219 1607 313 1669 cuius
328 1624 527 1683 praenomen
542 1606 575 1666 in
590 1623 611 1660 r
630 1606 793 1683 proditum
812 1607 864 1667 sit.
890 1607 975 1668 Nam
1053 1605 1054 1660 ἒ

220 1687 371 1765 quodibi
394 1687 538 1747 additum
567 1696 617 1746 est
647 1687 789 1759 „vander
817 1689 978 1749 kathuser

220 1768 351 1842 orden“,
382 1767 415 1826 id
444 1779 479 1827 ut
507 1767 541 1826 in
570 1784 606 1827 re
627 1766 752 1827 incerta
773 1785 839 1827 non
871 1769 977 1845 magis

220 1848 402 1909 mirandum
434 1857 502 1922 est,
532 1863 628 1924 quam
657 1847 745 1924 quod
772 1848 805 1907 in
835 1865 975 1908 numero

219 1929 361 2002 illorum,
383 1927 438 2004 qui
461 1927 562 1987 libros
579 1928 628 1987 De
650 1927 831 1988 imitatione
847 1928 975 1990 Christi

222 2008 447 2085 composuisse
478 2007 643 2082 feruntur,
670 2008 768 2068 etiam
792 2009 975 2085 Dionysius

223 2089 391 2149 Rickelius
413 2097 444 2148 et
462 2087 620 2148 Ludolfus
636 2087 731 2164 Saxo,
753 2098 850 2165 atque
873 2090 895 2149 ii
919 2107 975 2149 no-

221 2168 386 2243 minatim,
414 2168 534 2245 aliique
561 2168 614 2228 vel
643 2168 836 2244 simpliciter
858 2169 975 2231 Cartu-

221 2249 303 2310 siani
336 2249 443 2309 devoti
475 2248 528 2308 vel
561 2247 767 2320 „Cartusiani
804 2249 973 2311 cuiusdam

221 2331 255 2390 in
272 2331 404 2389 Rheno“
422 2328 658 2405 significatione
673 2329 769 2405 paulo
791 2330 974 2392 accuratius

222 2409 370 2470 deliniti²
399 2408 619 2485 proferuntur.
666 2408 774 2486 Atque
803 2419 837 2469 ut
867 2411 973 2471 cuius-

222 2491 307 2568 piam
330 2488 517 2551 Cartusiani
547 2489 657 2565 opinio
687 2506 727 2550 ex
751 2490 870 2550 animis
893 2491 973 2551 radi-

222 2571 306 2631 citus
330 2569 507 2644 evellatur,
534 2567 697 2630 Theodori
721 2570 829 2630 Petrei
853 2571 973 2631 Biblio-

222 2653 348 2712 thecam
365 2648 593 2711 Cartusianam
610 2649 680 2709 sive
698 2650 873 2710 illustrium
890 2651 971 2711 sacri

223 2729 448 2794 Cartusiensis
457 2729 784 2806 ordinisscriptorum
794 2731 971 2808 catalogum
1053 2747 1054 2752 ¹

222 2811 395 2886 (Coloniae
431 2808 610 2871 111.o.c.1x
645 2827 675 2886 p.
706 2811 778 2887 291)
817 2812 972 2872 evolvens

222 2892 347 2952 nullum
365 2890 463 2951 trium
478 2888 676 2950 Thomarum
693 2889 973 2968 Cartusianorum,

222 2972 277 3050 qui
299 2971 342 3032 ibi
364 2971 564 3046 adferuntur,
585 2971 683 3031 vitam
701 2972 774 3033 lesu
791 2982 846 3033 aut
867 2973 971 3033 simile

223 3053 300 3130 quid
322 3051 496 3128 scripsisse
518 3051 665 3127 cognovi.

223 3239 381 3246 ᾗ,-

283 3357 292 3386 1
308 3356 332 3398 L.
348 3355 363 3398 1.
379 3366 401 3407 p.
418 3357 463 3400 177.

283 3420 293 3447 ²
315 3417 340 3460 P.
364 3418 388 3460 Ε.
411 3418 497 3472 Puyol‚
527 3420 683 3471 Descriptions
707 3419 854 3472 bibliographl
872 3433 912 3462 nes
934 3420 970 3460 des

223 3473 357 3513 manuscrits
376 3479 398 3512 et
416 3473 457 3514 des
478 3474 613 3525 principales
628 3473 725 3514 editions
740 3473 769 3514 du
785 3472 841 3514 livre
878 3475 970 3516 cimita-

222 3527 281 3566 tione
303 3523 406 3576 Christi,
430 3525 494 3567 Paris
532 3526 606 3568 Victor
629 3526 727 3578 Retaux,
750 3525 969 3578 mucccxcvul,

223 3583 249 3627 ης
265 3578 296 3618 12.
314 3577 345 3618 14.
361 3576 395 3618 το.
413 3577 459 3620 113.
477 3556 522 3621 11²1.
536 3580 585 3622 aaa.
600 3579 648 3622 217.
663 3580 711 3622 218.
725 3580 774 3622 232.
788 3581 837 3622 aar.
