2118 4180
214 406 965 515 Quaem&

208 594 406 670 derogatum,
428 592 505 653 dum
527 603 572 668 tu,
601 592 754 653 liberator
775 594 969 670 animarum,

209 691 341 751 funibus
368 690 558 767 astringeris
585 691 827 767 damnatorum,
857 692 967 768 etqui

208 805 309 865 purus
331 804 367 847 es
390 786 428 847 ab
451 788 538 848 omni
561 798 712 865 peccato,
741 789 888 865 captivus
910 788 969 849 du-

208 885 293 946 ceris
314 894 476 961 tamquam
500 885 665 961 pessimus
687 884 857 945 latronum.
901 883 966 944 Sed

185 984 288 1044 shaec
316 980 554 1057 patientissime
582 980 714 1041 voluisti
744 991 875 1057 propter
905 998 968 1041 nos

208 1079 364 1155 sufferre,
393 1096 521 1139 summe
542 1078 699 1139 virtutum
729 1076 861 1152 artiieX,
891 1077 966 1137 lesu

207 1177 373 1253 piissime,
395 1176 434 1235 ad
456 1176 596 1236 dandum
619 1175 794 1252 singularis
816 1191 968 1235 mansue-

208 1274 330 1335 tudinis
353 1274 549 1351 exemplum,
571 1283 605 1333 ut
623 1273 819 1350 adimpleres
835 1271 969 1332 eviden-

208 1373 371 1433 tissimum
394 1371 473 1431 illud
495 1371 597 1432 Isaiae
612 1371 765 1431 verbum:
788 1369 879 1430 Sicut
895 1371 968 1430 ovis

173 1485 197 1526 ro
208 1471 247 1531 ad
276 1469 475 1530 occisionem
505 1469 658 1544 ducetur,
689 1478 721 1528 et
750 1469 834 1528 sicut
863 1485 968 1545 agnus

207 1583 315 1627 coram
346 1567 501 1626 tondente
533 1583 569 1626 se
602 1566 805 1626 obmutescet
837 1575 868 1626 et
900 1583 967 1626 non

206 1665 329 1741 aperiet
351 1681 388 1724 os
410 1680 523 1739 suum,
550 1664 677 1723 oblatus
700 1672 767 1738 est,
796 1662 872 1738 quia
894 1662 967 1739 ipse

206 1762 318 1822 voluit.

247 1859 444 1935 Compatere
475 1875 579 1934 nunc,
610 1859 717 1918 anima
745 1875 834 1933 mea,
866 1875 968 1935 super

173 1974 197 2014 rs
207 1957 317 2016 dolore
340 1965 371 2016 et
393 1955 577 2031 captivitate
600 1955 813 2016 amantissimi
832 1955 965 2015 Domini

208 2052 267 2113 Dei
291 2052 337 2112 tui
366 2054 475 2114 omnia
496 2055 577 2114 haec
603 2062 889 2130 propterpeccata
911 2064 967 2114 tua

206 2151 388 2211 voluntarie
403 2151 565 2227 patientis.
596 2151 777 2228 Ingemisce
792 2151 966 2230 profunde,

206 2258 238 2308 et
260 2249 411 2309 lamentis
437 2249 624 2310 madescant
651 2249 754 2324 oculi,
783 2249 869 2324 quod
898 2258 964 2308 tam

205 2347 337 2423 indigne
359 2356 513 2408 tractatur
528 2364 586 2424 pro
602 2355 633 2406 te
655 2347 773 2407 unicus
789 2346 876 2407 lilius
893 2347 966 2408 Dei.

170 2445 300 2520 ooVide,
322 2444 400 2522 quid
416 2444 537 2505 iaciunt
560 2444 835 2522 impudentissimi
857 2462 969 2521 canes

206 2542 296 2618 impii
314 2543 433 2603 ludaei.
464 2542 511 2602 En
533 2551 646 2602 tenent
669 2542 777 2602 lesum
801 2543 967 2618 captivum

206 2651 237 2700 et
259 2641 391 2718 ligatum
408 2641 529 2701 ducunt
545 2641 584 2700 ad
599 2639 727 2701 Annam
746 2650 778 2701 et
794 2640 967 2718 caipham,

205 2739 386 2815 principem
413 2739 629 2800 sacerdotum.
671 2738 715 2799 At
740 2739 795 2799 ille
822 2756 889 2799 non
917 2757 967 2800 re·

205 2835 301 2912 sistit,
324 2837 399 2896 dum
423 2836 558 2913 capitur,
584 2854 648 2896 non
673 2846 862 2913 murmurat,
890 2855 965 2898 cum

169 2934 331 3010 religatur,
352 2951 419 2994 non
435 2935 626 3010 recalcitrat,
648 2951 721 2995 curn
738 2934 877 3009 ducitur,
899 2951 967 2996 non

206 3031 386 3106 maledicit,
421 3032 498 3092 dum
530 3031 684 3107 trahitur,
722 3032 780 3092 sed
811 3031 898 3092 vadit
931 3041 966 3092 ut

206 3137 413 3205 mansuetus,
441 3139 525 3189 tacet
555 3139 589 3190 ut
611 3146 730 3206 agnus,
760 3129 909 3205 sequitur
931 3137 966 3188 ut

205 3225 375 3301 innocenS,
397 3227 518 3302 patitur
539 3237 573 3286 ut
596 3228 766 3293 humilis..

246 3324 341 3384 Nunc
364 3341 480 3400 precor
500 3334 543 3401 te,
567 3325 658 3384 Deus
680 3341 784 3399 meus,
808 3333 843 3384 ut
865 3324 966 3386 huius

168 3421 363 3482 sodolendae
392 3421 587 3497 captivitatis
615 3430 689 3481 tuae
718 3421 878 3482 acerbitas
901 3422 966 3482 ire-

205 3531 343 3598 quenter
371 3521 411 3580 ad
439 3520 547 3581 cordis
569 3520 633 3580 mei
660 3520 782 3583 intima.
795 3519 905 3588 veniat
932 3529 966 3580 et

569 3625 596 3664 66
