2152 4174
85 624 344 699 blasphemando
374 632 405 683 et
431 623 609 684 deridendo
632 622 693 682 Dei
717 621 845 681 lilium?

87 718 162 777 Heu
194 719 258 777 heu
289 717 366 794 quid
391 718 512 794 agitis?
555 717 625 779 Cur
653 729 717 780 tam
746 735 844 779 vene·

85 824 195 876 natam
218 815 360 892 linguam
384 825 496 876 contra
517 816 606 892 pium
629 827 661 878 et
680 817 843 877 insontem

85 912 232 973 acuitis?
270 913 306 972 In
329 930 393 990 quo
415 914 571 990 peccavit,
594 923 648 974 aut
670 913 703 973 in
725 913 844 990 quibus
924 930 928 948 ¹

85 1011 262 1088 aliquando
288 1009 443 1071 Christus
467 1028 527 1070 vos
555 1011 676 1071 laesit?
726 1011 868 1070 Nonnes

85 1108 172 1167 bene
201 1106 311 1166 omnia
340 1106 434 1182 lecit,
463 1108 517 1184 qui
547 1109 665 1169 surdos
691 1107 769 1168 lecit
790 1125 845 1168 au·

86 1205 157 1265 dire
194 1213 226 1264 et
260 1212 370 1263 mutos
404 1203 523 1279 loqui?
579 1205 697 1265 Nonne
732 1204 844 1264 multis

85 1301 217 1363 eximiis
240 1301 342 1378 signis
364 1319 401 1362 ac
418 1301 586 1362 mellifluis
601 1301 758 1363 doctrinis
773 1300 843 1361 suis

83 1410 185 1462 totam
208 1399 343 1476 patriam
366 1409 507 1460 vestram
530 1399 704 1460 illustravit
730 1409 762 1459 et
784 1417 841 1475 pro

84 1498 230 1559 inimicis
259 1497 329 1558 suis
358 1496 454 1556 etiam
478 1499 608 1558 oravit?
651 1499 739 1575 Quid
767 1498 841 1558 mali
855 1513 879 1555 ro

85 1612 146 1673 pro
167 1594 220 1654 his
242 1594 388 1654 meruit?
431 1595 542 1671 Quare
564 1595 700 1657 redditis
722 1598 841 1656 malum

86 1711 146 1771 pro
168 1695 253 1753 bono
270 1693 426 1753 etodium
442 1710 501 1769 pro
517 1693 719 1754 dilectione?
750 1694 843 1753 Flere

85 1809 147 1853 vos
168 1791 272 1868 magis
294 1792 426 1851 deceret
453 1792 493 1851 de
517 1791 596 1852 tanti
619 1791 755 1851 sceleris
777 1791 843 1867 pia-

85 1890 171 1965 culo,
193 1907 289 1966 quarn
313 1889 419 1949 ridere
442 1905 550 1949 coram
568 1889 745 1951 Crucifixo.
778 1889 842 1950 Sed

84 2004 144 2063 pro
167 1987 275 2061 dolor,
303 2004 369 2047 non
392 1987 559 2047 advertitis
581 2004 689 2064 neque
711 1987 878 2048 curatisrs

86 2085 161 2144 Non
184 2093 236 2144 est
257 2092 345 2144 certe
368 2083 551 2161 compassio
567 2100 674 2160 neque
690 2083 841 2144 contritio

85 2199 195 2259 neque
230 2181 464 2242 beneficiorum
501 2181 682 2242 recordatio
717 2181 750 2241 in
787 2182 841 2241 ob·

85 2280 215 2341 stinatis
226 2279 401 2354 mentibus
416 2280 474 2339 sed
489 2296 621 2356 semper
631 2279 669 2339 ad
681 2279 843 2339 deteriora

84 2377 190 2455 vergit
213 2376 303 2436 luror
325 2376 504 2437 diabolicus
526 2377 669 2437 acriores
691 2376 842 2437 stimulos

84 2493 203 2553 parans
226 2485 258 2535 et
279 2475 430 2535 insultus.
459 2475 559 2537 =Cum
589 2475 676 2535 enim
702 2474 878 2552 ampliusao

83 2571 260 2648 nequirent
294 2572 410 2649 gladiis
441 2582 472 2633 et
505 2573 646 2634 fustibus
676 2574 841 2650 prosequi,

84 2679 265 2747 coeperunt
286 2670 466 2730 acrioribus
488 2670 670 2747 linguarum
697 2671 772 2732 telis
794 2671 841 2731 in·

83 2768 213 2829 sectari.

126 2865 284 2926 Similiter
312 2874 419 2926 autem
450 2875 481 2926 et
510 2866 632 2926 milites
653 2866 754 2926 totius
775 2884 840 2926 ma·

83 2963 173 3024 litiae
188 2972 382 3024 executores
397 2963 555 3023 saeculari
579 2965 703 3024 honore
725 2963 839 3024 tumidi
850 2983 877 3024 25

82 3079 121 3122 ac
143 3061 273 3121 divinae
295 3060 376 3138 legis
394 3059 507 3136 ignari,
529 3061 712 3138 principum
730 3061 840 3120 lavore

82 3167 115 3219 et
137 3161 266 3218 hortatu
290 3158 453 3235 depravati
484 3160 677 3220 accedentes
706 3158 840 3236 propius

81 3257 262 3317 illudebant
283 3274 320 3317 ac
340 3265 467 3317 acetum
483 3256 661 3317 offerentes
676 3257 839 3317 dicebant:

82 3353 118 3416 Si
140 3363 175 3414 tu
198 3370 235 3414 es
257 3371 315 3414 rex
337 3354 542 3430 Iudaeorum,
564 3355 690 3414 salvum
719 3363 752 3414 te
780 3354 839 3414 lac.

81 3451 113 3514 Ο
145 3451 255 3512 stolidi
290 3451 431 3525 milites,
466 3452 591 3512 actibus
626 3451 876 3529 moribusqueso

80 3550 281 3627 degeneres,
310 3549 384 3625 quis
406 3566 465 3609 vos
488 3549 597 3610 docuit
619 3549 666 3610 sic
688 3549 838 3625 militare,

445 3653 482 3696 rar
