<?xml version="1.0" encoding="UTF-8"?>
<!DOCTYPE html PUBLIC "-//W3C//DTD XHTML 1.0 Transitional//EN"
    "http://www.w3.org/TR/xhtml1/DTD/xhtml1-transitional.dtd">
<html xmlns="http://www.w3.org/1999/xhtml" xml:lang="en" lang="en">
 <head>
  <title>
</title>
<meta http-equiv="Content-Type" content="text/html;charset=utf-8" />
  <meta name='ocr-system' content='tesseract 3.04.00' />
  <meta name='ocr-capabilities' content='ocr_page ocr_carea ocr_par ocr_line ocrx_word'/>
</head>
<body>
  <div class='ocr_page' id='page_1' title='image "./thomaehemerkena02pohlgoog_0316.png"; bbox 0 0 2142 4172; ppageno 0'>
   <div class='ocr_carea' id='block_1_1' title="bbox 103 611 863 786">
    <p class='ocr_par' dir='ltr' id='par_1_1' title="bbox 103 611 863 786">
     <span class='ocr_line' id='line_1_1' title="bbox 103 611 863 690; baseline 0 -19"><span class='ocrx_word' id='word_1_1' title='bbox 103 612 294 690; x_wconf 83' lang='lat' dir='ltr'>praedicare</span> <span class='ocrx_word' id='word_1_2' title='bbox 329 612 464 672; x_wconf 91' lang='lat' dir='ltr'>audiunt</span> <span class='ocrx_word' id='word_1_3' title='bbox 494 611 545 671; x_wconf 90' lang='lat' dir='ltr'>vel</span> <span class='ocrx_word' id='word_1_4' title='bbox 579 611 690 688; x_wconf 87' lang='lat' dir='ltr'>legunt</span> <span class='ocrx_word' id='word_1_5' title='bbox 724 621 779 671; x_wconf 89' lang='lat' dir='ltr'>aut</span> <span class='ocrx_word' id='word_1_6' title='bbox 814 628 863 671; x_wconf 90' lang='lat' dir='ltr'>re·</span> 
     </span>
     <span class='ocr_line' id='line_1_2' title="bbox 105 707 713 786; baseline -0.003 -16"><span class='ocrx_word' id='word_1_7' title='bbox 105 710 249 786; x_wconf 86' lang='lat' dir='ltr'>cogitant</span> <span class='ocrx_word' id='word_1_8' title='bbox 269 709 308 769; x_wconf 92' lang='lat' dir='ltr'>ad</span> <span class='ocrx_word' id='word_1_9' title='bbox 330 709 459 770; x_wconf 83' lang='lat' dir='ltr'>laudem</span> <span class='ocrx_word' id='word_1_10' title='bbox 483 709 554 769; x_wconf 87' lang='lat' dir='ltr'>Dei.</span> <span class='ocrx_word' id='word_1_11' title='bbox 596 707 713 769; x_wconf 79' lang='lat' dir='ltr'>Amen.</span> 
     </span>
    </p>
   </div>
   <div class='ocr_carea' id='block_1_2' title="bbox 104 875 863 1048">
    <p class='ocr_par' dir='ltr' id='par_1_2' title="bbox 104 875 863 1048">
     <span class='ocr_line' id='line_1_3' title="bbox 104 875 863 952; baseline -0.001 -14"><span class='ocrx_word' id='word_1_12' title='bbox 104 879 154 938; x_wconf 85' lang='lat' dir='ltr'>De</span> <span class='ocrx_word' id='word_1_13' title='bbox 169 893 286 952; x_wconf 84' lang='lat' dir='ltr'>magna</span> <span class='ocrx_word' id='word_1_14' title='bbox 307 876 487 937; x_wconf 80' lang='lat' dir='ltr'>devotionis</span> <span class='ocrx_word' id='word_1_15' title='bbox 506 875 612 952; x_wconf 82' lang='lat' dir='ltr'>gratia</span> <span class='ocrx_word' id='word_1_16' title='bbox 635 881 667 936; x_wconf 80' lang='lat' dir='ltr'>et</span> <span class='ocrx_word' id='word_1_17' title='bbox 681 877 779 952; x_wconf 85' lang='lat' dir='ltr'>firma</span> <span class='ocrx_word' id='word_1_18' title='bbox 795 877 863 952; x_wconf 85' lang='lat' dir='ltr'>fide</span> 
     </span>
     <span class='ocr_line' id='line_1_4' title="bbox 265 971 702 1048; baseline -0.002 -15"><span class='ocrx_word' id='word_1_19' title='bbox 265 974 371 1035; x_wconf 81' lang='lat' dir='ltr'>sancti</span> <span class='ocrx_word' id='word_1_20' title='bbox 396 971 532 1034; x_wconf 84' lang='lat' dir='ltr'>Thomoe</span> <span class='ocrx_word' id='word_1_21' title='bbox 552 973 702 1048; x_wconf 79' lang='lat' dir='ltr'>apostoli.</span> 
     </span>
    </p>
   </div>
   <div class='ocr_carea' id='block_1_3' title="bbox 71 1105 899 3506">
    <p class='ocr_par' dir='ltr' id='par_1_3' title="bbox 71 1105 898 1753">
     <span class='ocr_line' id='line_1_5' title="bbox 148 1105 886 1184; baseline -0.009 -15"><span class='ocrx_word' id='word_1_22' title='bbox 148 1107 178 1169; x_wconf 96' lang='grc' dir='ltr'><strong>Ο</strong></span> <span class='ocrx_word' id='word_1_23' title='bbox 209 1124 305 1184; x_wconf 87' lang='lat' dir='ltr'>quam</span> <span class='ocrx_word' id='word_1_24' title='bbox 337 1123 485 1184; x_wconf 85' lang='lat' dir='ltr'>magnam</span> <span class='ocrx_word' id='word_1_25' title='bbox 514 1105 698 1167; x_wconf 90' lang='lat' dir='ltr'>devotionis</span> <span class='ocrx_word' id='word_1_26' title='bbox 727 1105 886 1182; x_wconf 85' lang='lat' dir='ltr'>gratiams</span> 
     </span>
     <span class='ocr_line' id='line_1_6' title="bbox 106 1200 862 1279; baseline 0 -16"><span class='ocrx_word' id='word_1_27' title='bbox 106 1212 306 1264; x_wconf 90' lang='lat' dir='ltr'>consecutus</span> <span class='ocrx_word' id='word_1_28' title='bbox 325 1212 376 1263; x_wconf 92' lang='lat' dir='ltr'>est</span> <span class='ocrx_word' id='word_1_29' title='bbox 395 1211 527 1263; x_wconf 86' lang='lat' dir='ltr'>sanctus</span> <span class='ocrx_word' id='word_1_30' title='bbox 547 1202 609 1262; x_wconf 88' lang='lat' dir='ltr'>iste</span> <span class='ocrx_word' id='word_1_31' title='bbox 624 1200 767 1263; x_wconf 84' lang='lat' dir='ltr'>Thomas</span> <span class='ocrx_word' id='word_1_32' title='bbox 788 1220 862 1279; x_wconf 86' lang='lat' dir='ltr'>apo-</span> 
     </span>
     <span class='ocr_line' id='line_1_7' title="bbox 106 1301 861 1361; baseline 0.001 -1"><span class='ocrx_word' id='word_1_33' title='bbox 106 1301 212 1361; x_wconf 91' lang='lat' dir='ltr'>stolus</span> <span class='ocrx_word' id='word_1_34' title='bbox 240 1318 280 1361; x_wconf 87' lang='lat' dir='ltr'>ex</span> <span class='ocrx_word' id='word_1_35' title='bbox 302 1309 451 1361; x_wconf 86' lang='lat' dir='ltr'>contactu</span> <span class='ocrx_word' id='word_1_36' title='bbox 480 1309 666 1360; x_wconf 89' lang='lat' dir='ltr'>sanctorum</span> <span class='ocrx_word' id='word_1_37' title='bbox 688 1301 861 1361; x_wconf 90' lang='lat' dir='ltr'>vulnerum</span> 
     </span>
     <span class='ocr_line' id='line_1_8' title="bbox 71 1397 862 1474; baseline -0.003 -14"><span class='ocrx_word' id='word_1_38' title='bbox 71 1471 74 1474; x_wconf 42' lang='grc'><strong>,</strong></span> <span class='ocrx_word' id='word_1_39' title='bbox 105 1409 255 1474; x_wconf 88' lang='lat' dir='ltr'>tuorum,</span> <span class='ocrx_word' id='word_1_40' title='bbox 284 1400 375 1459; x_wconf 91' lang='lat' dir='ltr'>Deus</span> <span class='ocrx_word' id='word_1_41' title='bbox 396 1415 507 1473; x_wconf 87' lang='lat' dir='ltr'>meus,</span> <span class='ocrx_word' id='word_1_42' title='bbox 533 1397 629 1458; x_wconf 89' lang='lat' dir='ltr'>etiam</span> <span class='ocrx_word' id='word_1_43' title='bbox 652 1416 729 1474; x_wconf 86' lang='lat' dir='ltr'>prae</span> <span class='ocrx_word' id='word_1_44' title='bbox 751 1398 862 1458; x_wconf 89' lang='lat' dir='ltr'>multis</span> 
     </span>
     <span class='ocr_line' id='line_1_9' title="bbox 105 1494 863 1574; baseline -0.004 -17"><span class='ocrx_word' id='word_1_45' title='bbox 105 1497 239 1573; x_wconf 87' lang='lat' dir='ltr'>sanctis,</span> <span class='ocrx_word' id='word_1_46' title='bbox 254 1497 308 1574; x_wconf 92' lang='lat' dir='ltr'>qui</span> <span class='ocrx_word' id='word_1_47' title='bbox 325 1506 356 1557; x_wconf 92' lang='lat' dir='ltr'>te</span> <span class='ocrx_word' id='word_1_48' title='bbox 371 1497 404 1556; x_wconf 94' lang='lat' dir='ltr'>in</span> <span class='ocrx_word' id='word_1_49' title='bbox 421 1513 518 1556; x_wconf 90' lang='lat' dir='ltr'>carne</span> <span class='ocrx_word' id='word_1_50' title='bbox 531 1495 695 1555; x_wconf 88' lang='lat' dir='ltr'>viventem</span> <span class='ocrx_word' id='word_1_51' title='bbox 712 1494 863 1555; x_wconf 90' lang='lat' dir='ltr'>viderunt</span> 
     </span>
     <span class='ocr_line' id='line_1_10' title="bbox 106 1593 898 1671; baseline -0.005 -16"><span class='ocrx_word' id='word_1_52' title='bbox 106 1604 234 1671; x_wconf 88' lang='lat' dir='ltr'>etpost</span> <span class='ocrx_word' id='word_1_53' title='bbox 262 1595 536 1655; x_wconf 85' lang='lat' dir='ltr'>resurrectionem</span> <span class='ocrx_word' id='word_1_54' title='bbox 566 1601 652 1652; x_wconf 84' lang='lat' dir='ltr'>tuam</span> <span class='ocrx_word' id='word_1_55' title='bbox 683 1593 715 1653; x_wconf 94' lang='lat' dir='ltr'>in</span> <span class='ocrx_word' id='word_1_56' title='bbox 739 1601 772 1653; x_wconf 90' lang='lat' dir='ltr'>te</span> <span class='ocrx_word' id='word_1_57' title='bbox 794 1609 898 1653; x_wconf 82' lang='lat' dir='ltr'>cre-ro</span> 
     </span>
     <span class='ocr_line' id='line_1_11' title="bbox 105 1693 269 1753; baseline -0.012 0"><span class='ocrx_word' id='word_1_58' title='bbox 105 1693 269 1753; x_wconf 85' lang='lat' dir='ltr'>diderunt.</span> 
     </span>
    </p>

    <p class='ocr_par' dir='ltr' id='par_1_4' title="bbox 103 1787 899 3018">
     <span class='ocr_line' id='line_1_12' title="bbox 149 1787 863 1866; baseline 0.001 -17"><span class='ocrx_word' id='word_1_59' title='bbox 149 1788 283 1849; x_wconf 87' lang='lat' dir='ltr'>Summe</span> <span class='ocrx_word' id='word_1_60' title='bbox 313 1787 411 1865; x_wconf 86' lang='lat' dir='ltr'>igitur</span> <span class='ocrx_word' id='word_1_61' title='bbox 437 1788 595 1848; x_wconf 85' lang='lat' dir='ltr'>benedico</span> <span class='ocrx_word' id='word_1_62' title='bbox 624 1797 656 1848; x_wconf 90' lang='lat' dir='ltr'>te</span> <span class='ocrx_word' id='word_1_63' title='bbox 685 1797 717 1848; x_wconf 88' lang='lat' dir='ltr'>et</span> <span class='ocrx_word' id='word_1_64' title='bbox 744 1788 863 1866; x_wconf 79' lang='lat' dir='ltr'>gratias</span> 
     </span>
     <span class='ocr_line' id='line_1_13' title="bbox 105 1884 863 1963; baseline 0.001 -17"><span class='ocrx_word' id='word_1_65' title='bbox 105 1885 263 1963; x_wconf 73' lang='lat' dir='ltr'>egotibi,</span> <span class='ocrx_word' id='word_1_66' title='bbox 292 1884 433 1945; x_wconf 88' lang='lat' dir='ltr'>Domine</span> <span class='ocrx_word' id='word_1_67' title='bbox 462 1902 556 1944; x_wconf 90' lang='lat' dir='ltr'>meus</span> <span class='ocrx_word' id='word_1_68' title='bbox 584 1894 616 1946; x_wconf 88' lang='lat' dir='ltr'>et</span> <span class='ocrx_word' id='word_1_69' title='bbox 639 1887 730 1946; x_wconf 84' lang='lat' dir='ltr'>Deus</span> <span class='ocrx_word' id='word_1_70' title='bbox 758 1904 863 1963; x_wconf 88' lang='lat' dir='ltr'>meus,</span> 
     </span>
     <span class='ocr_line' id='line_1_14' title="bbox 106 1983 863 2061; baseline 0 -18"><span class='ocrx_word' id='word_1_71' title='bbox 106 1984 162 2061; x_wconf 91' lang='lat' dir='ltr'>qui</span> <span class='ocrx_word' id='word_1_72' title='bbox 185 2000 238 2044; x_wconf 91' lang='lat' dir='ltr'>me</span> <span class='ocrx_word' id='word_1_73' title='bbox 260 1993 348 2044; x_wconf 88' lang='lat' dir='ltr'>recte</span> <span class='ocrx_word' id='word_1_74' title='bbox 364 1983 499 2043; x_wconf 88' lang='lat' dir='ltr'>credere</span> <span class='ocrx_word' id='word_1_75' title='bbox 520 1991 553 2042; x_wconf 89' lang='lat' dir='ltr'>et</span> <span class='ocrx_word' id='word_1_76' title='bbox 573 1984 657 2043; x_wconf 90' lang='lat' dir='ltr'>bene</span> <span class='ocrx_word' id='word_1_77' title='bbox 673 1983 785 2043; x_wconf 88' lang='lat' dir='ltr'>vivere</span> <span class='ocrx_word' id='word_1_78' title='bbox 804 2000 863 2060; x_wconf 90' lang='lat' dir='ltr'>per</span> 
     </span>
     <span class='ocr_line' id='line_1_15' title="bbox 105 2080 899 2157; baseline 0.003 -17"><span class='ocrx_word' id='word_1_79' title='bbox 105 2081 271 2156; x_wconf 89' lang='lat' dir='ltr'>apostolos</span> <span class='ocrx_word' id='word_1_80' title='bbox 306 2089 380 2140; x_wconf 93' lang='lat' dir='ltr'>tuos</span> <span class='ocrx_word' id='word_1_81' title='bbox 415 2080 554 2141; x_wconf 88' lang='lat' dir='ltr'>docuisti</span> <span class='ocrx_word' id='word_1_82' title='bbox 586 2089 618 2140; x_wconf 88' lang='lat' dir='ltr'>et</span> <span class='ocrx_word' id='word_1_83' title='bbox 652 2080 725 2140; x_wconf 93' lang='lat' dir='ltr'>sine</span> <span class='ocrx_word' id='word_1_84' title='bbox 756 2081 863 2157; x_wconf 86' lang='lat' dir='ltr'>aliqua</span> <span class='ocrx_word' id='word_1_85' title='bbox 874 2102 899 2142; x_wconf 86' lang='lat'>15</span> 
     </span>
     <span class='ocr_line' id='line_1_16' title="bbox 105 2176 861 2239; baseline -0.001 -1"><span class='ocrx_word' id='word_1_86' title='bbox 105 2177 321 2239; x_wconf 86' lang='lat' dir='ltr'>haesitatione</span> <span class='ocrx_word' id='word_1_87' title='bbox 341 2186 374 2237; x_wconf 92' lang='lat' dir='ltr'>et</span> <span class='ocrx_word' id='word_1_88' title='bbox 388 2177 476 2237; x_wconf 91' lang='lat' dir='ltr'>omni</span> <span class='ocrx_word' id='word_1_89' title='bbox 494 2176 623 2236; x_wconf 76' lang='lat' dir='ltr'>fictione</span> <span class='ocrx_word' id='word_1_90' title='bbox 638 2192 748 2236; x_wconf 89' lang='lat' dir='ltr'>veram</span> <span class='ocrx_word' id='word_1_91' title='bbox 765 2176 861 2237; x_wconf 84' lang='lat' dir='ltr'>fidem</span> 
     </span>
     <span class='ocr_line' id='line_1_17' title="bbox 105 2273 862 2351; baseline -0.001 -16"><span class='ocrx_word' id='word_1_92' title='bbox 105 2275 265 2336; x_wconf 84' lang='lat' dir='ltr'>confiteri.</span> <span class='ocrx_word' id='word_1_93' title='bbox 296 2275 413 2335; x_wconf 88' lang='lat' dir='ltr'>Dixisti</span> <span class='ocrx_word' id='word_1_94' title='bbox 430 2274 517 2334; x_wconf 90' lang='lat' dir='ltr'>enim</span> <span class='ocrx_word' id='word_1_95' title='bbox 533 2273 709 2334; x_wconf 89' lang='lat' dir='ltr'>veraciter:</span> <span class='ocrx_word' id='word_1_96' title='bbox 728 2274 793 2351; x_wconf 89' lang='lat' dir='ltr'>Qui</span> <span class='ocrx_word' id='word_1_97' title='bbox 809 2292 862 2334; x_wconf 91' lang='lat' dir='ltr'>me</span> 
     </span>
     <span class='ocr_line' id='line_1_18' title="bbox 105 2371 863 2448; baseline 0 -16"><span class='ocrx_word' id='word_1_98' title='bbox 105 2372 281 2432; x_wconf 84' lang='lat' dir='ltr'>confessus</span> <span class='ocrx_word' id='word_1_99' title='bbox 303 2373 400 2433; x_wconf 82' lang='lat' dir='ltr'>fuerit</span> <span class='ocrx_word' id='word_1_100' title='bbox 422 2389 530 2432; x_wconf 87' lang='lat' dir='ltr'>coram</span> <span class='ocrx_word' id='word_1_101' title='bbox 553 2371 758 2448; x_wconf 87' lang='lat' dir='ltr'>hominibus,</span> <span class='ocrx_word' id='word_1_102' title='bbox 787 2389 863 2433; x_wconf 93' lang='lat' dir='ltr'>con·</span> 
     </span>
     <span class='ocr_line' id='line_1_19' title="bbox 106 2470 863 2548; baseline -0.003 -17"><span class='ocrx_word' id='word_1_103' title='bbox 106 2470 223 2531; x_wconf 86' lang='lat' dir='ltr'>iitebor</span> <span class='ocrx_word' id='word_1_104' title='bbox 243 2480 276 2531; x_wconf 88' lang='lat' dir='ltr'>et</span> <span class='ocrx_word' id='word_1_105' title='bbox 297 2488 357 2548; x_wconf 86' lang='lat' dir='ltr'>ego</span> <span class='ocrx_word' id='word_1_106' title='bbox 373 2487 447 2531; x_wconf 91' lang='lat' dir='ltr'>eum</span> <span class='ocrx_word' id='word_1_107' title='bbox 464 2487 572 2530; x_wconf 86' lang='lat' dir='ltr'>coram</span> <span class='ocrx_word' id='word_1_108' title='bbox 589 2470 684 2530; x_wconf 86' lang='lat' dir='ltr'>Patre</span> <span class='ocrx_word' id='word_1_109' title='bbox 699 2486 783 2530; x_wconf 90' lang='lat' dir='ltr'>meo.</span> <span class='ocrx_word' id='word_1_110' title='bbox 814 2470 863 2529; x_wconf 90' lang='lat' dir='ltr'>Da</span> 
     </span>
     <span class='ocr_line' id='line_1_20' title="bbox 105 2567 897 2645; baseline 0.003 -19"><span class='ocrx_word' id='word_1_111' title='bbox 105 2584 183 2645; x_wconf 85' lang='lat' dir='ltr'>ergo</span> <span class='ocrx_word' id='word_1_112' title='bbox 199 2568 289 2644; x_wconf 87' lang='lat' dir='ltr'>mihi,</span> <span class='ocrx_word' id='word_1_113' title='bbox 305 2569 456 2643; x_wconf 87' lang='lat' dir='ltr'>Domine,</span> <span class='ocrx_word' id='word_1_114' title='bbox 473 2576 660 2628; x_wconf 86' lang='lat' dir='ltr'>constanter</span> <span class='ocrx_word' id='word_1_115' title='bbox 674 2567 762 2644; x_wconf 92' lang='lat' dir='ltr'>loqui</span> <span class='ocrx_word' id='word_1_116' title='bbox 778 2567 897 2628; x_wconf 78' lang='lat' dir='ltr'>veri-ao</span> 
     </span>
     <span class='ocr_line' id='line_1_21' title="bbox 105 2664 861 2739; baseline 0 -14"><span class='ocrx_word' id='word_1_117' title='bbox 105 2675 204 2726; x_wconf 84' lang='lat' dir='ltr'>tatem</span> <span class='ocrx_word' id='word_1_118' title='bbox 236 2675 267 2726; x_wconf 90' lang='lat' dir='ltr'>et</span> <span class='ocrx_word' id='word_1_119' title='bbox 298 2666 444 2727; x_wconf 88' lang='lat' dir='ltr'>confiteri</span> <span class='ocrx_word' id='word_1_120' title='bbox 478 2665 573 2726; x_wconf 86' lang='lat' dir='ltr'>iidem</span> <span class='ocrx_word' id='word_1_121' title='bbox 605 2673 744 2739; x_wconf 87' lang='lat' dir='ltr'>rectam,</span> <span class='ocrx_word' id='word_1_122' title='bbox 777 2664 861 2725; x_wconf 90' lang='lat' dir='ltr'>sicut</span> 
     </span>
     <span class='ocr_line' id='line_1_22' title="bbox 105 2761 861 2839; baseline -0.001 -16"><span class='ocrx_word' id='word_1_123' title='bbox 105 2772 239 2823; x_wconf 87' lang='lat' dir='ltr'>sanctus</span> <span class='ocrx_word' id='word_1_124' title='bbox 267 2761 409 2824; x_wconf 86' lang='lat' dir='ltr'>Thomas</span> <span class='ocrx_word' id='word_1_125' title='bbox 437 2781 546 2824; x_wconf 86' lang='lat' dir='ltr'>coram</span> <span class='ocrx_word' id='word_1_126' title='bbox 575 2773 606 2824; x_wconf 91' lang='lat' dir='ltr'>te</span> <span class='ocrx_word' id='word_1_127' title='bbox 634 2763 861 2839; x_wconf 89' lang='lat' dir='ltr'>praesentibus</span> 
     </span>
     <span class='ocr_line' id='line_1_23' title="bbox 104 2860 861 2935; baseline 0.003 -17"><span class='ocrx_word' id='word_1_128' title='bbox 104 2860 262 2935; x_wconf 90' lang='lat' dir='ltr'>apostolis</span> <span class='ocrx_word' id='word_1_129' title='bbox 292 2861 420 2921; x_wconf 93' lang='lat' dir='ltr'>locutus</span> <span class='ocrx_word' id='word_1_130' title='bbox 451 2870 501 2921; x_wconf 91' lang='lat' dir='ltr'>est</span> <span class='ocrx_word' id='word_1_131' title='bbox 532 2861 661 2921; x_wconf 90' lang='lat' dir='ltr'>dicens:</span> <span class='ocrx_word' id='word_1_132' title='bbox 699 2860 861 2921; x_wconf 88' lang='lat' dir='ltr'>Dominus</span> 
     </span>
     <span class='ocr_line' id='line_1_24' title="bbox 103 2958 493 3018; baseline 0.005 -2"><span class='ocrx_word' id='word_1_133' title='bbox 103 2973 200 3017; x_wconf 92' lang='lat' dir='ltr'>meus</span> <span class='ocrx_word' id='word_1_134' title='bbox 222 2966 254 3016; x_wconf 91' lang='lat' dir='ltr'>et</span> <span class='ocrx_word' id='word_1_135' title='bbox 276 2958 367 3017; x_wconf 90' lang='lat' dir='ltr'>Deus</span> <span class='ocrx_word' id='word_1_136' title='bbox 389 2974 493 3018; x_wconf 87' lang='lat' dir='ltr'>meus.</span> 
     </span>
    </p>

    <p class='ocr_par' dir='ltr' id='par_1_5' title="bbox 104 3052 896 3506">
     <span class='ocr_line' id='line_1_25' title="bbox 146 3052 896 3132; baseline 0.001 -20"><span class='ocrx_word' id='word_1_137' title='bbox 146 3052 235 3131; x_wconf 91' lang='lat' dir='ltr'>Quid</span> <span class='ocrx_word' id='word_1_138' title='bbox 266 3055 326 3114; x_wconf 85' lang='lat' dir='ltr'>hac</span> <span class='ocrx_word' id='word_1_139' title='bbox 357 3071 438 3115; x_wconf 90' lang='lat' dir='ltr'>voce</span> <span class='ocrx_word' id='word_1_140' title='bbox 467 3053 603 3130; x_wconf 85' lang='lat' dir='ltr'>clarius,</span> <span class='ocrx_word' id='word_1_141' title='bbox 633 3055 711 3131; x_wconf 89' lang='lat' dir='ltr'>quid</span> <span class='ocrx_word' id='word_1_142' title='bbox 739 3055 896 3132; x_wconf 83' lang='lat' dir='ltr'>verius‚2s</span> 
     </span>
     <span class='ocr_line' id='line_1_26' title="bbox 105 3150 860 3228; baseline 0.005 -18"><span class='ocrx_word' id='word_1_143' title='bbox 105 3150 183 3227; x_wconf 93' lang='lat' dir='ltr'>quid</span> <span class='ocrx_word' id='word_1_144' title='bbox 204 3151 383 3228; x_wconf 84' lang='lat' dir='ltr'>perfectius</span> <span class='ocrx_word' id='word_1_145' title='bbox 412 3160 444 3211; x_wconf 90' lang='lat' dir='ltr'>et</span> <span class='ocrx_word' id='word_1_146' title='bbox 465 3150 594 3212; x_wconf 86' lang='lat' dir='ltr'>fidelius</span> <span class='ocrx_word' id='word_1_147' title='bbox 616 3152 768 3213; x_wconf 80' lang='lat' dir='ltr'>constat?</span> <span class='ocrx_word' id='word_1_148' title='bbox 810 3154 860 3214; x_wconf 91' lang='lat' dir='ltr'>De</span> 
     </span>
     <span class='ocr_line' id='line_1_27' title="bbox 104 3248 861 3325; baseline 0.004 -17"><span class='ocrx_word' id='word_1_149' title='bbox 104 3265 170 3325; x_wconf 91' lang='lat' dir='ltr'>quo</span> <span class='ocrx_word' id='word_1_150' title='bbox 204 3249 319 3310; x_wconf 86' lang='lat' dir='ltr'>beatus</span> <span class='ocrx_word' id='word_1_151' title='bbox 355 3249 517 3309; x_wconf 87' lang='lat' dir='ltr'>Iohannes</span> <span class='ocrx_word' id='word_1_152' title='bbox 552 3248 596 3308; x_wconf 87' lang='lat' dir='ltr'>ita</span> <span class='ocrx_word' id='word_1_153' title='bbox 630 3249 758 3310; x_wconf 89' lang='lat' dir='ltr'>scribit:</span> <span class='ocrx_word' id='word_1_154' title='bbox 800 3251 861 3310; x_wconf 88' lang='lat' dir='ltr'>Re-</span> 
     </span>
     <span class='ocr_line' id='line_1_28' title="bbox 105 3345 859 3422; baseline 0.004 -17"><span class='ocrx_word' id='word_1_155' title='bbox 105 3346 236 3422; x_wconf 90' lang='lat' dir='ltr'>spondit</span> <span class='ocrx_word' id='word_1_156' title='bbox 257 3345 399 3408; x_wconf 87' lang='lat' dir='ltr'>Thomas</span> <span class='ocrx_word' id='word_1_157' title='bbox 428 3355 460 3406; x_wconf 85' lang='lat' dir='ltr'>et</span> <span class='ocrx_word' id='word_1_158' title='bbox 481 3346 561 3406; x_wconf 88' lang='lat' dir='ltr'>dixit</span> <span class='ocrx_word' id='word_1_159' title='bbox 582 3346 627 3422; x_wconf 86' lang='lat' dir='ltr'>ei,</span> <span class='ocrx_word' id='word_1_160' title='bbox 656 3346 782 3407; x_wconf 91' lang='lat' dir='ltr'>scilicet</span> <span class='ocrx_word' id='word_1_161' title='bbox 802 3348 859 3408; x_wconf 92' lang='lat' dir='ltr'>tibi</span> 
     </span>
     <span class='ocr_line' id='line_1_29' title="bbox 105 3444 861 3506; baseline 0.001 -2"><span class='ocrx_word' id='word_1_162' title='bbox 105 3444 247 3504; x_wconf 94' lang='lat' dir='ltr'>Domino</span> <span class='ocrx_word' id='word_1_163' title='bbox 279 3445 350 3504; x_wconf 90' lang='lat' dir='ltr'>Deo</span> <span class='ocrx_word' id='word_1_164' title='bbox 382 3460 472 3504; x_wconf 90' lang='lat' dir='ltr'>meo:</span> <span class='ocrx_word' id='word_1_165' title='bbox 509 3444 670 3505; x_wconf 90' lang='lat' dir='ltr'>Dominus</span> <span class='ocrx_word' id='word_1_166' title='bbox 703 3462 798 3505; x_wconf 88' lang='lat' dir='ltr'>meus</span> <span class='ocrx_word' id='word_1_167' title='bbox 829 3454 861 3506; x_wconf 91' lang='lat' dir='ltr'>et</span> 
     </span>
    </p>
   </div>
   <div class='ocr_carea' id='block_1_4' title="bbox 105 3539 895 3689">
    <p class='ocr_par' dir='ltr' id='par_1_6' title="bbox 105 3539 895 3689">
     <span class='ocr_line' id='line_1_30' title="bbox 105 3539 895 3602; baseline -0.01 0"><span class='ocrx_word' id='word_1_168' title='bbox 105 3543 197 3602; x_wconf 90' lang='lat' dir='ltr'>Deus</span> <span class='ocrx_word' id='word_1_169' title='bbox 218 3557 322 3602; x_wconf 88' lang='lat' dir='ltr'>meus.</span> <span class='ocrx_word' id='word_1_170' title='bbox 365 3539 461 3601; x_wconf 82' lang='lat' dir='ltr'>Multi</span> <span class='ocrx_word' id='word_1_171' title='bbox 485 3540 572 3601; x_wconf 90' lang='lat' dir='ltr'>enim</span> <span class='ocrx_word' id='word_1_172' title='bbox 600 3540 713 3602; x_wconf 88' lang='lat' dir='ltr'>fideles</span> <span class='ocrx_word' id='word_1_173' title='bbox 735 3541 791 3601; x_wconf 93' lang='lat' dir='ltr'>tibi</span> <span class='ocrx_word' id='word_1_174' title='bbox 815 3541 895 3601; x_wconf 82' lang='lat' dir='ltr'>di-so</span> 
     </span>
     <span class='ocr_line' id='line_1_31' title="bbox 464 3645 504 3689; baseline 0 0"><span class='ocrx_word' id='word_1_175' title='bbox 464 3645 504 3689; x_wconf 78' lang='lat' dir='ltr'>an</span> 
     </span>
    </p>
   </div>
   <div class='ocr_carea' id='block_1_5' title="bbox 0 0 1076 4172">
    <p class='ocr_par' dir='ltr' id='par_1_7' title="bbox 0 0 1076 4172">
     <span class='ocr_line' id='line_1_32' title="bbox 0 0 1076 4172; baseline 0 0"><span class='ocrx_word' id='word_1_176' title='bbox 0 0 1076 4172; x_wconf 95' lang='lat' dir='ltr'> </span> 
     </span>
    </p>
   </div>
  </div>
 </body>
</html>
