2118 4180
250 404 1053 514 Quat-W}

242 589 272 652 O
303 607 435 652 servum
471 591 725 668 perfidissimum
759 592 792 653 in
830 592 1006 654 dominum
1036 617 1053 669 ω’

242 687 489 748 fidelissimuml
1039 711 1053 768 p

282 784 312 847 Ο
334 803 431 863 quam
453 785 600 847 miranda
619 787 734 863 pietas,
757 804 854 864 quam
878 788 1009 864 magni-

242 881 303 944 lica
316 883 471 960 patientia
486 884 541 945 illa
554 895 619 961 tua,
635 886 709 947 lesu
724 884 883 962 piissime,
898 885 984 946 miti:
1030 919 1034 931 ·

219 980 335 1057 ssime,
357 981 443 1058 quod
465 981 499 1041 in
514 991 602 1042 tanta
615 981 845 1058 persecutione
865 989 898 1042 et
916 982 1008 1042 irau-

242 1079 374 1139 dulenta
395 1079 567 1139 traditione
588 1096 655 1140 non
678 1096 716 1140 es
737 1079 858 1140 oblitus
879 1079 1009 1140 veteris

242 1175 403 1236 amicitiae
431 1185 464 1237 et
487 1176 686 1253 dulcedinis,
716 1177 774 1237 sed
800 1193 859 1253 pro
887 1177 1006 1253 grandi
1047 1157 1053 1250 ἔ

242 1273 361 1334 iniuria
390 1273 587 1335 beneficium
618 1273 806 1351 impendisti
843 1273 1007 1351 sanitatis,
1046 1263 1053 1354 i

242 1373 319 1433 dum
341 1371 520 1433 mutilatam
543 1389 561 1431 a
582 1371 743 1448 discipulo
771 1388 883 1432 aurem
914 1373 1007 1433 servi
1044 1416 1053 1461 1

209 1488 234 1529 ro
242 1468 407 1546 pontilicis
423 1486 535 1530 sacrae
552 1486 669 1529 manus
686 1479 761 1530 tuae
778 1476 865 1530 tactu
881 1471 1006 1531 curasti
1044 1502 1053 1558 ἡ

244 1567 417 1644 ipsumque
446 1567 654 1627 defensorem
682 1574 774 1627 tuum
799 1566 933 1627 Petrum
965 1569 1006 1628 ab
1046 1617 1053 1656 3

243 1664 465 1726 invadentium
503 1663 648 1724 laesione
686 1664 918 1741 compescuisti
959 1665 1008 1726 di·
1046 1697 1053 1750 l

245 1780 339 1824 cens:
372 1761 538 1824 Converte
559 1761 701 1837 gladium
723 1771 815 1822 tuum
837 1761 871 1821 in
894 1762 1006 1823 locum
1048 1811 1053 1852 :

245 1877 351 1920 suum.
390 1857 547 1933 Calicem,
569 1875 666 1934 quem
689 1857 777 1919 dedit
798 1859 878 1919 milri
901 1868 1007 1937 pater,

212 1975 311 2020 tsnon
344 1956 452 2017 bibam
494 1957 614 2017 illum?
657 1956 744 2034 Quia
785 1956 833 2016 sic
875 1967 1006 2034 oportet
1051 2007 1053 2042 ,

247 2055 327 2116 lieri.

286 2151 434 2214 Obsecro
448 2168 546 2227 nunc,
562 2151 654 2212 Deus
668 2168 772 2227 meus,
790 2150 907 2229 largire
923 2153 1006 2214 mihi

247 2249 350 2327 iragili
382 2249 505 2309 calamo
533 2249 724 2326 ampliorem
752 2248 941 2325 patientiam
972 2250 1006 2310 in

246 2347 376 2409 casibus
404 2347 568 2424 adversis,
599 2364 641 2408 ne
672 2348 842 2424 repentina
872 2347 921 2408 ira
951 2366 1007 2410 me

210 2455 396 2522 aosuperet,
426 2461 487 2505 nec
519 2444 698 2506 ulciscendi
727 2445 837 2521 passio
865 2445 905 2506 ad
935 2445 1008 2506 red-

246 2544 384 2605 dendam
400 2541 655 2618 increpationem
671 2541 860 2618 inflammet,
875 2544 1007 2619 quando

247 2640 512 2702 contrariantium
535 2656 635 2715 super
655 2655 708 2699 me
732 2649 830 2700 ruunt
852 2639 1007 2716 insultus,

247 2748 301 2799 aut
322 2738 430 2815 aliqua
443 2735 523 2797 mihi
545 2736 739 2813 obiciuntur,
762 2737 802 2797 de
817 2736 937 2813 quibus
952 2755 1006 2798 me

247 2834 384 2896 aestimo
405 2834 625 2894 innocentem.
659 2834 709 2892 Da
730 2849 795 2893 non
817 2833 935 2894 timere
957 2852 1007 2894 ar·
1049 2863 1050 2882 r

211 2941 417 3010 aguentem,
445 2930 504 2991 sed
530 2929 563 2990 in
585 2930 671 2989 bono
692 2929 935 3006 increpationes
958 2949 1007 2992 re·
1049 2911 1051 2950 ¹

247 3029 357 3105 cipere
379 3038 412 3090 et
432 3028 524 3089 illum
547 3029 687 3090 amicum
710 3045 820 3090 meum
843 3039 1006 3107 reputare,
1050 3033 1051 3036 ’

247 3126 302 3204 qui
331 3126 445 3187 durius
476 3143 529 3188 me
560 3127 664 3203 arguit
694 3134 727 3188 et
755 3126 882 3204 premit.
932 3127 1006 3188 Non

247 3223 327 3284 mihi
363 3223 486 3284 oriatur
523 3223 701 3300 indignatio
736 3223 776 3284 de
816 3225 1006 3286 austeritate

247 3329 441 3398 monstrata,
472 3338 533 3381 nec
564 3321 704 3382 iniustae
733 3320 929 3383 offensionis
958 3340 1006 3384 re-

210 3440 238 3480 ao
248 3418 391 3478 cordatio
406 3418 440 3478 in
455 3435 508 3479 me
523 3427 678 3494 moretur,
700 3418 758 3479 sed
773 3428 828 3478 tua
842 3419 1006 3497 benignis·

248 3515 331 3576 sima
351 3516 510 3576 malorum
533 3515 704 3576 tolerantia
729 3515 767 3575 ad
790 3515 1004 3578 voluntariam

612 3619 639 3660 64
