2194 4180
100 472 840 587 antffiffl

90 665 148 725 tibi
185 664 219 725 in
250 664 402 726 omnibus
434 665 544 726 verbis
580 674 612 725 et
645 665 739 726 factis
774 666 848 726 tuis,

92 762 121 824 O
146 772 267 840 quanto
288 762 405 839 gaudio
420 763 544 838 repleta
564 772 641 822 sunt
655 780 711 822 ora
735 780 848 824 eorum

91 871 124 920 te
146 862 318 937 loquente,
340 869 526 937 quantoque
548 877 659 921 amore
681 861 778 921 corda
799 879 850 921 ac-

92 975 193 1018 censa
215 957 405 1035 frigidorum
423 967 455 1017 te
471 958 652 1034 explicante
667 959 850 1021 velamenta

92 1055 298 1132 eloquiorum
321 1055 517 1131 divinorum,
539 1056 697 1132 quianon
720 1067 770 1118 est
791 1059 873 1118 tibis

91 1153 212 1215 similis
233 1153 266 1213 in
284 1153 523 1230 legislatoribus
546 1162 579 1213 et
597 1154 850 1231 interpretatori·

92 1253 155 1311 bus
177 1251 418 1328 mysteriorum.
448 1250 478 1312 Ο
501 1269 597 1329 quam
614 1253 720 1313 levem
744 1253 850 1314 iecisti

93 1350 143 1412 eis
153 1350 239 1411 viam
255 1350 354 1424 illam,
369 1367 465 1426 quam
481 1351 597 1412 laetam
614 1352 738 1426 horam,
753 1368 850 1427 quam

92 1447 272 1508 iucundum
284 1446 370 1508 diem
381 1465 486 1524 usque
499 1448 538 1508 ad
548 1465 731 1526 vesperam,
746 1449 850 1509 donec

93 1545 233 1606 intrares
255 1563 329 1606 cum
352 1546 401 1606 eis
423 1546 618 1622 hospitium,
647 1554 679 1606 et
700 1555 850 1622 pararent
862 1564 886 1606 ro

93 1643 151 1703 tibi
175 1660 332 1704 mensam.
375 1642 404 1704 O
428 1661 524 1720 quarn
549 1644 675 1704 seriose
697 1645 851 1721 rogabant

93 1751 126 1801 te
144 1740 189 1800 ·ad
217 1741 399 1801 cenandum
421 1758 534 1802 secum
559 1742 729 1817 cupientes
751 1743 852 1801 multa

95 1838 202 1898 adhuc
230 1839 386 1916 ampliora
414 1839 526 1900 audire
557 1857 575 1898 a
603 1848 635 1899 te
663 1857 722 1915 per
751 1847 850 1898 totam

95 1945 236 1996 noctem.

138 2033 277 2110 Quare?
321 2034 407 2111 Quia
435 2051 612 2110 numquam
642 2034 771 2094 locutus
802 2044 852 2093 est
863 2056 888 2097 ιε

95 2140 161 2190 tam
189 2131 319 2208 egregie
347 2133 445 2192 homo
474 2149 573 2208 super
601 2141 737 2207 terram,
767 2130 852 2191 sicut

96 2228 241 2305 loquitur
255 2229 316 2290 iste
331 2229 533 2305 peregrinus.
561 2229 680 2289 Nullus
695 2230 853 2305 propheta

96 2343 158 2387 nec
180 2343 237 2386 rex
259 2343 320 2386 nec
341 2326 495 2386 sacerdos
516 2343 578 2386 nec
595 2327 693 2386 levita
714 2343 775 2387 nec
797 2327 852 2386 ali·

97 2423 171 2500 quis
194 2440 233 2484 ex
263 2423 338 2484 liliis
366 2433 398 2484 et
420 2424 589 2501 discipulis
611 2425 852 2500 prophetarum,

97 2523 152 2598 qui
177 2521 259 2581 mira
288 2521 436 2582 iecerunt
465 2531 496 2581 et
525 2522 634 2581 divina
661 2522 889 2597 docuerunt,ao

96 2620 208 2681 nullus
223 2631 420 2696 sanctorum,
439 2620 539 2679 immo
554 2637 616 2680 nec
631 2636 746 2679 omnes
762 2619 852 2679 chori

97 2719 304 2795 angelorum,
333 2717 561 2794 operegrine,
590 2717 646 2777 tibi
674 2717 852 2793 comparari

97 2825 236 2893 possunt
264 2816 297 2876 in
326 2815 483 2875 docendo.
531 2815 569 2876 Et
597 2815 670 2875 ideo
701 2832 853 2891 rogamus

97 2926 145 2976 te:
169 2915 267 2975 lllane
283 2913 465 2988 nobiscum,
488 2913 638 2973 Domine.
667 2911 770 2973 Tarde
793 2922 853 2987 est,

96 3013 163 3073 noli
180 3012 309 3089 longius
324 3012 423 3086 abire,
438 3012 590 3088 quoniam
602 3011 889 3088 advesperascit,2s

98 3121 130 3171 et
152 3110 305 3170 inclinata
320 3118 371 3170 est
392 3109 454 3169 iam
471 3109 551 3170 dies.
581 3109 730 3185 Loquere
748 3109 853 3169 adhuc

97 3207 238 3283 amplius
260 3206 371 3282 nobis,
399 3224 464 3268 non
492 3207 675 3267 fastidimus
699 3223 760 3266 nec
782 3206 853 3265 dor·

97 3305 229 3380 mimus,
251 3304 309 3364 sed
324 3305 464 3365 libenter
484 3315 516 3364 te
531 3304 681 3364 audimus
697 3314 729 3364 et
745 3304 852 3364 lacere

98 3404 266 3481 cupimus,
301 3420 384 3479 quae
415 3403 506 3463 dicis.
556 3402 639 3462 Nam
671 3403 770 3462 verba
800 3412 854 3463 tua

98 3502 245 3564 dulciora
274 3509 351 3560 sunt
381 3517 480 3576 super
510 3501 574 3560 mel
610 3509 643 3561 et
678 3500 786 3560 iavum
822 3509 890 3560 etao

98 3599 243 3679 pretiosa
271 3616 370 3676 super
397 3614 511 3658 aurum
546 3607 577 3658 et
605 3605 791 3674 argentum,
822 3605 855 3657 et

458 3701 499 3746 277
