2194 4180
422 604 693 683 [cnmrvuvn
716 605 816 682 vnn}

240 735 352 797 Oratio
380 739 425 798 aa
453 737 687 812 impetrandam
716 754 736 797 a
764 737 829 797 Deo
856 737 996 811 gratiam

506 834 722 894 lacrimarum.

237 927 533 1146 &cuventona
548 984 656 1045 anima
666 1002 749 1061 mea,
764 986 803 1045 ad
815 986 994 1047 Dominum

214 1105 227 1145 5
369 1084 475 1144 Deum
498 1092 590 1144 tuum
613 1083 646 1143 in
668 1092 736 1143 toto
759 1084 939 1160 cordetuo,
960 1083 995 1144 in

237 1179 314 1239 fletu
346 1190 379 1241 et
407 1180 539 1256 planctu
569 1189 601 1240 et
629 1197 686 1240 ora
713 1197 772 1257 pro
795 1181 994 1241 remissione

236 1277 382 1338 omnium
394 1286 602 1354 peccatorum
618 1286 749 1338 tuorum
765 1286 797 1337 et
812 1279 994 1340 omissione

236 1375 411 1436 multorum
428 1376 588 1436 bonorum
604 1392 740 1452 operum
756 1384 789 1436 et
808 1385 992 1454 temporum

236 1472 292 1532 tibi
315 1473 462 1534 datorum
491 1491 510 1533 a
538 1473 643 1550 prima
664 1473 716 1533 die
744 1482 777 1534 et
805 1474 885 1533 hora
907 1474 993 1534 vitae

201 1595 225 1635 ro
236 1580 309 1630 tuae
332 1587 436 1647 usque
452 1571 485 1631 in
501 1580 708 1648 praesentem
723 1570 810 1631 diem
831 1573 992 1632 ethoram

235 1685 254 1727 a
285 1668 355 1727 Deo
386 1668 443 1728 tibi
475 1685 677 1728 concessam.
729 1667 870 1728 Multum
903 1669 991 1730 enim

235 1765 340 1840 placet
356 1765 427 1825 Deo
448 1765 584 1826 humilis
606 1765 708 1825 oratio
731 1773 763 1825 et
785 1764 894 1825 cordis
916 1783 993 1826 con·

234 1862 339 1937 tritio,
371 1862 468 1923 fletus
496 1873 528 1924 et
556 1863 698 1940 gemitus
727 1879 785 1939 pro
817 1861 991 1922 cotidianis

234 1959 418 2021 defectibus
454 1970 486 2021 et
521 1978 580 2038 pro
620 1959 774 2021 omnibus
815 1959 988 2036 tribulatis,

203 2057 401 2134 retemptatis
423 2067 454 2118 et
474 2058 627 2120 oneratis.
670 2057 824 2118 Sanctum
847 2064 880 2116 et
900 2055 991 2132 pium

236 2172 319 2232 opus
341 2164 392 2216 est
413 2173 505 2216 orare
522 2157 628 2216 Deum
651 2173 710 2233 pro
732 2171 769 2215 se
784 2154 856 2231 ipso
878 2163 911 2215 et
933 2171 992 2230 pro

234 2254 393 2330 proximo,
415 2254 491 2330 quia
506 2254 617 2314 nullus
632 2253 704 2313 sine
720 2260 865 2329 peccato,
879 2252 991 2312 nullus

234 2351 306 2411 sine
332 2351 479 2428 periculo
501 2351 534 2411 in
564 2353 627 2411 hoc
649 2351 781 2411 mundo.
825 2349 892 2408 Pax
913 2365 992 2408 vera

233 2459 265 2510 et
286 2459 419 2510 aeterna
440 2449 536 2525 quies
557 2449 664 2508 solum
687 2447 721 2507 in
744 2447 853 2522 caelo,
882 2447 991 2507 luctus

195 2556 264 2607 anet
285 2547 417 2607 tristitia
439 2546 596 2622 frequens
617 2545 651 2605 in
673 2545 736 2604 hoc
759 2543 875 2619 exilio,
904 2543 991 2620 ignis

231 2661 363 2722 semper
384 2645 503 2705 ardens
525 2652 558 2704 et
578 2659 685 2719 poena
706 2651 864 2719 perpetua
885 2643 920 2703 in
941 2643 990 2703 in·

233 2742 336 2802 ierno.

272 2837 322 2899 Ad
338 2849 370 2899 te
385 2856 473 2915 crgo,
490 2838 631 2899 Domine
648 2839 750 2913 Deus,
769 2853 826 2898 oro
842 2846 874 2898 et
889 2838 989 2898 orabo

231 2936 345 3012 corde,
380 2953 462 2996 voce
493 2945 525 2996 ct
556 2952 656 3012 opere
686 2952 745 3011 pro
777 2935 865 2996 omni
902 2936 989 2996 malo

194 3034 408 3095 ascommisso
444 3034 477 3094 in
513 3033 601 3094 omni
634 3041 753 3093 eventu
790 3043 822 3095 et
857 3035 989 3095 deiectu

230 3132 310 3192 mihi
323 3140 525 3192 occurrente.
551 3130 689 3207 Suscipe
703 3131 860 3207 gemitum
876 3149 988 3193 meum

230 3246 304 3289 curn
328 3247 408 3305 pura
430 3228 612 3289 intentione
641 3237 673 3288 et
701 3229 798 3305 plena
819 3231 989 3291 voluntate

230 3343 282 3386 mc
311 3326 374 3386 iam
409 3325 603 3387 emendandi
639 3342 713 3386 curn
750 3327 882 3404 propria
907 3327 989 3388 resi-

233 3423 386 3500 gnatione
408 3424 473 3484 mei
504 3423 609 3500 ipsius
638 3432 670 3483 et
701 3422 847 3484 omnium
876 3439 988 3483 rerum

192 3543 220 3584 ao
230 3519 436 3595 alienatione,
450 3530 485 3581 ut
500 3521 623 3598 possim
636 3521 732 3581 modo
746 3520 880 3597 gratiam
896 3529 986 3581 tuam
1080 3529 1081 3535 ’

587 3625 628 3668 264
