2142 4172
261 597 417 658 Concede
446 596 543 656 etiam
574 597 654 656 mihi
685 614 757 656 cum
790 607 904 658 sancto
929 600 979 658 lo·

221 697 328 755 hanne
357 694 503 771 apostolo
532 711 613 770 puro
643 694 740 754 corde
769 703 801 754 et
837 713 977 772 corpore

220 804 251 854 te
274 810 392 868 amare,
415 800 558 852 sanctam
575 791 713 852 Mariam
733 801 870 853 matrem
886 803 976 854 tuam

221 892 282 951 sibi
312 890 521 951 commissam
551 889 737 965 specialiter
765 889 916 950 venerari
945 899 977 950 et
1048 907 1049 916 ¹

197 996 368 1049 ssanctum
391 987 595 1064 evangelium
618 986 691 1046 eius
712 986 852 1047 libenter
866 988 976 1065 legere

221 1096 252 1146 et
267 1085 379 1146 audire
395 1085 475 1145 etin
491 1094 623 1160 pectore
645 1101 718 1144 meo
741 1085 922 1145 recondere
945 1095 976 1145 et

219 1184 312 1261 quasi
335 1200 434 1259 supra
454 1192 569 1259 pectus
589 1191 681 1241 tuum
702 1181 885 1258 quiescere,
908 1201 976 1243 om·

219 1283 273 1342 nia
294 1292 424 1342 terrena
438 1280 610 1358 neglegere
633 1290 665 1340 et
680 1289 806 1340 secreta
822 1281 977 1341 caelestia

221 1396 295 1439 cum
318 1396 357 1438 eo
380 1378 412 1437 in
435 1377 633 1454 Apocalypsi
656 1378 881 1454 contemplari.

186 1489 210 1530 ro
261 1477 338 1536 Esto
361 1477 458 1537 etiam
490 1475 587 1550 mihi,
617 1475 775 1552 Domine,
803 1477 976 1553 propitius,

220 1583 252 1633 et
273 1573 358 1633 beati
376 1573 483 1634 Iacobi
506 1573 643 1650 apostoli
659 1591 712 1634 me
728 1574 868 1634 deiende
884 1593 976 1652 prae-

220 1670 314 1731 sidiis
328 1672 367 1732 ab
382 1671 535 1732 omnibus
550 1670 750 1731 irruentibus
764 1670 863 1731 vitiis.
888 1671 976 1732 Con·

221 1769 303 1828 forta
325 1786 377 1829 me
399 1767 433 1828 in
454 1769 629 1829 virtutibus
651 1777 682 1828 et
710 1767 806 1828 bonis
828 1769 976 1829 moribus

220 1867 259 1926 ad
281 1867 500 1927 resistendum
523 1865 640 1926 diaboli
661 1865 870 1926 illusionibus
885 1868 975 1926 blan·

127 1975 134 1994 ·
186 1962 270 2021 redis
292 1972 324 2022 et
346 1963 474 2040 amaris
496 1964 551 2041 qui
573 1963 630 2024 tibi
653 1974 685 2024 et
704 1963 827 2024 sanctis
849 1964 975 2041 angelis

219 2059 285 2120 tuis
306 2061 400 2120 valde
423 2061 575 2122 contrarii
598 2070 674 2121 sunt
689 2070 721 2121 et
736 2061 893 2137 despecti.
926 2063 975 2122 Da

220 2174 350 2233 quoque
365 2158 445 2218 mihi
462 2161 669 2236 supplantare
681 2159 866 2236 superbiam
884 2177 974 2220 men·

220 2255 280 2331 tis,
323 2256 451 2316 frenare
486 2258 593 2334 gulam
629 2256 772 2333 ventris,
808 2258 973 2318 custodire

220 2353 339 2413 ostium
362 2354 471 2414 cordis
493 2365 525 2415 et
546 2355 613 2414 oris
636 2373 709 2415 cum
727 2355 847 2415 ceteris
869 2356 973 2416 sensi·
1048 2385 1049 2410 ;

183 2452 281 2511 aobus
303 2452 396 2512 meis
440 2454 489 2512 Da
510 2453 601 2528 mihi,
623 2452 668 2512 lili
692 2452 764 2528 Dei,
788 2453 901 2512 bibere
924 2470 973 2512 ca·

220 2548 315 2608 licem
338 2549 502 2624 passionis
522 2560 597 2610 tuae
619 2568 694 2610 cum
717 2550 793 2610 filiis
811 2550 971 2611 Zebedaei

220 2645 252 2704 in
295 2646 524 2707 remissionem
571 2647 717 2707 omnium
764 2657 971 2724 peccatorum

220 2761 367 2804 meorum
390 2755 422 2805 et
444 2763 517 2805 curn
540 2744 621 2820 ipsis
636 2755 668 2805 et
684 2744 835 2805 omnibus
851 2746 972 2806 sanctis

220 2842 284 2901 tuis
316 2843 438 2918 epulari
470 2853 577 2903 tecum
607 2842 640 2902 in
669 2859 768 2920 regno
798 2844 972 2904 caelorum.
1048 2867 1049 2870 ¹

183 2938 338 3000 25Amen.
