2118 4180
69 373 802 482 Qbafflumrffibffffi

63 563 218 638 elegerunt
246 560 356 638 potius
384 570 522 621 mortem
552 561 680 635 subire,
711 578 807 637 quam

63 661 244 720 mellilluum
266 676 387 719 nomen
411 659 486 719 lesu
508 676 637 737 negare.

99 759 165 817 Hoc
175 760 316 818 salutare
326 774 446 816 nomen
462 775 549 818 nunc
565 758 698 817 adorant
713 773 808 833 reges

64 865 90 915 et
109 856 279 932 principes.
318 854 390 913 Hoc
412 854 599 930 praedicant
620 854 808 914 sacerdotes

63 962 90 1010 et
109 952 264 1012 doctores.
299 953 371 1012 Hoc
389 952 596 1030 singulariter
610 962 808 1012 venerantur
831 973 844 1012 5

63 1059 91 1108 et
117 1049 250 1126 diligunt
282 1051 389 1110 cuncti
422 1050 547 1112 Christi
584 1049 717 1124 fideles,
752 1050 806 1126 qui

63 1147 171 1207 mundo
201 1157 233 1207 et
262 1147 390 1209 diabolo
421 1146 645 1208 renuntiantes
674 1145 707 1205 in
733 1145 807 1206 lesu

63 1244 182 1305 nomine
211 1263 248 1305 se
271 1254 402 1321 sperant
424 1263 499 1306 esse
525 1244 708 1305 salvandos.
752 1244 808 1303 Est

63 1342 139 1401 enim
170 1343 263 1403 lesus
301 1342 447 1402 omniurn
485 1358 619 1402 suorum
656 1342 744 1400 salus
776 1351 807 1400 et

63 1441 219 1515 protectio,
235 1440 268 1498 in
285 1457 422 1515 quorum
439 1439 603 1499 mentibus
618 1449 843 1515 perseverato

63 1537 134 1597 fides
155 1547 186 1596 et
208 1536 349 1596 dilectio.

98 1634 123 1695 Ο
157 1633 347 1694 dulcissime
385 1635 479 1708 lesu,
521 1635 617 1695 unice
655 1635 807 1695 salutaris

63 1748 154 1807 meus,
175 1731 283 1792 scribe
305 1732 512 1793 benedictum
530 1751 650 1794 nomen
665 1744 757 1794 tuum
774 1733 806 1793 in

63 1829 148 1889 corde
169 1847 253 1905 meo,
275 1847 341 1891 non
364 1831 467 1906 litera,
488 1832 547 1891 sed
564 1831 691 1907 spiritu,
713 1841 747 1891 ut
762 1832 805 1892 ibi

62 1925 98 1984 sit
123 1937 153 1987 et
179 1938 308 1988 maneat
336 1929 370 1989 in
399 1939 567 1989 aeternum
592 1930 842 1991 tamfortiter1⁵

62 2022 262 2102 impressum,
283 2028 371 2103 quod
392 2029 481 2087 nulla
502 2044 658 2103 prospera
679 2027 731 2086 vel
754 2027 806 2086 ad·

62 2137 146 2181 versa
166 2141 183 2182 a
204 2133 259 2183 tua
280 2141 333 2184 me
356 2134 482 2184 mutent
503 2125 687 2186 dilectione.
729 2125 805 2184 Esto

62 2229 90 2278 tu
110 2221 184 2281 milri
207 2222 308 2282 turris
324 2222 524 2283 fortitudinis
539 2241 557 2282 a
573 2222 655 2282 facie
671 2222 806 2298 inimici,

63 2319 233 2378 consolator
254 2318 287 2378 in
310 2319 535 2395 tribulatione,
562 2319 750 2379 consiliator
772 2319 804 2378 in

63 2414 170 2491 dubiis,
191 2416 347 2477 liberator
368 2418 405 2477 ab
428 2418 596 2494 angustiis,
619 2417 842 2477 sublevatores

63 2509 87 2571 in
108 2514 251 2589 casibus,
273 2514 451 2574 instructor
473 2516 506 2574 in
529 2515 691 2590 moribus,
713 2532 805 2575 revo-

64 2619 139 2671 cator
151 2614 189 2673 ab
205 2612 372 2672 erroribus
388 2622 419 2672 et
435 2613 473 2672 ad
484 2613 658 2672 caelestem
669 2612 804 2688 patriam

64 2723 109 2779 per
121 2720 165 2769 tot
179 2710 428 2785 temptationum
444 2710 588 2786 pericula
603 2713 716 2772 ductor
728 2710 806 2771 lide·

64 2803 202 2868 issimus

181 3047 184 3053 ι
247 3018 517 3094 [cnrrrvuvn
542 3021 608 3096 xi]
814 3032 840 3073 25

67 3145 98 3206 lle
116 3150 318 3227 apparitione
336 3152 406 3210 lesu
432 3157 464 3210 et
487 3152 602 3210 devoto
621 3157 803 3211 sanctorum

275 3264 381 3322 regum
404 3249 575 3308 oblatione.

68 3335 294 3562 &medico
317 3410 348 3459 et
370 3400 487 3476 gratias
504 3417 562 3477 ago
577 3399 645 3474 tibi,
663 3399 802 3459 Domine

166 3499 240 3558 lesu
251 3497 396 3573 Christe,
406 3498 558 3574 princeps
568 3514 679 3576 regum
688 3506 802 3565 terrae,

415 3602 442 3646 23
