2142 4172
88 451 843 566 &Quaem

86 661 190 705 vanos
204 643 326 703 saeculi
342 658 492 702 rumores
508 658 603 700 narra
618 639 698 699 mihi
714 640 842 700 divinos

86 758 268 801 sermones.
300 740 425 802 Contra
439 740 551 815 longas
570 736 695 797 fabulas
710 738 842 798 obstrue

86 837 167 897 mibi
191 837 254 898 cito
276 853 389 911 aureS,
414 853 457 896 ne
479 835 577 895 intret
598 851 761 894 venenum
784 851 843 911 per

86 934 258 994 fenestras.

128 1030 252 1092 Contra
280 1031 387 1091 exitus
415 1047 473 1107 per
495 1029 644 1090 officinas
666 1039 698 1090 et
719 1030 866 1106 plateass

84 1129 150 1206 liga
171 1129 303 1189 vinculo
331 1129 458 1190 timoris
487 1129 532 1188 tui
556 1145 672 1188 manus
698 1144 788 1187 meas
810 1136 842 1187 et

84 1227 198 1302 pedes,
220 1243 261 1286 ne
276 1226 417 1286 incidam
433 1225 467 1284 in
483 1225 589 1286 varias
604 1224 841 1301 temptationes.

84 1324 212 1386 Contra
240 1324 356 1384 malam
386 1322 548 1383 tristitiam
574 1333 606 1382 et
627 1322 771 1383 acediam
794 1322 841 1382 in-

84 1422 187 1482 funde
216 1421 295 1481 mihi
325 1430 456 1481 sanctae
485 1420 649 1480 unctionis
677 1430 751 1481 tuae
772 1437 842 1497 gra·

84 1520 173 1580 tiam.
223 1519 347 1581 Contra
381 1518 546 1578 sinistram
579 1519 619 1578 de
650 1519 759 1596 aliquo
789 1535 842 1577 su·
854 1542 878 1582 ιο

82 1616 266 1693 spicionem
307 1616 429 1691 inspira
470 1616 549 1676 mibi
590 1608 760 1676 meliorem
801 1618 841 1677 de

82 1715 233 1792 proximo
249 1714 518 1774 aestimationem.
548 1713 673 1775 Contra
689 1714 840 1774 iniuriam

83 1813 166 1872 mihi
190 1811 305 1874 laetam
328 1811 368 1872 da
389 1811 469 1871 mihi
487 1811 715 1873 sustinentiam
738 1822 770 1873 et
792 1829 842 1870 ca·

82 1927 164 1970 vere
175 1910 361 1984 vindictam,
376 1925 418 1968 ne
429 1909 561 1984 perdam
575 1908 608 1968 in
620 1910 710 1969 caelo
720 1909 842 1986 gloriae

83 2025 239 2069 coronam
261 2007 460 2084 patientibus
481 2008 686 2084 promissam.
718 2008 843 2070 Contra
855 2025 879 2066 15

83 2105 194 2166 varios
216 2106 343 2166 animae
365 2123 457 2166 meae
479 2107 611 2166 morbos
629 2107 740 2183 profer
762 2107 841 2167 milri

83 2204 235 2264 salubres
246 2203 400 2263 virtutum
417 2214 544 2263 tuarum
560 2205 689 2280 species
704 2215 736 2264 et
751 2223 841 2266 sanc·

82 2312 193 2362 torum
223 2301 391 2360 doctorum
422 2301 529 2361 liores,
573 2301 698 2363 Contra
725 2304 841 2364 malam

82 2398 357 2459 consuetudinem
374 2415 479 2458 meam
502 2401 542 2459 da
560 2400 639 2459 mihi
659 2400 766 2461 facere
788 2417 843 2460 na·

83 2507 179 2556 turae
195 2494 382 2555 violentiam
400 2506 532 2572 propter
549 2497 647 2556 vitam
667 2506 879 2557 aeternamm

84 2593 212 2654 Contra
242 2592 362 2651 laboris
397 2593 586 2668 gravitatem
623 2594 728 2654 tribue
762 2593 841 2653 milri

83 2703 200 2752 tenere
216 2689 324 2749 cordis
339 2691 603 2767 tranquillitatem
619 2709 678 2768 per
692 2691 841 2752 devotam

82 2787 277 2848 orationem.
308 2786 431 2847 Contra
447 2788 659 2848 diffidentiam
675 2788 708 2847 in
731 2788 842 2848 multis

82 2884 234 2946 adversis
265 2886 305 2945 da
335 2885 414 2944 mihi
447 2886 566 2946 habere
597 2887 714 2946 bonam
746 2885 779 2944 in
810 2896 841 2945 te

81 2981 316 3044 confidentiam
346 2984 385 3043 de
415 2983 555 3042 maxima
582 2983 700 3060 pietate
730 2993 784 3043 tua
810 2994 877 3043 et2⁵

81 3082 117 3141 in
142 3090 328 3140 sanctorum
356 3079 497 3154 meritis,
526 3097 546 3139 o
567 3080 707 3156 benigne
730 3089 840 3139 sancte

82 3178 238 3255 Spiritus,
251 3179 377 3239 adiutor
387 3178 421 3237 in
432 3177 703 3238 tribulationibus.
724 3176 840 3238 Amen.

450 3395 477 3450 2
