2144 4168
378 513 543 568 Epllcgomena.

83 671 159 736 tua,
187 669 252 741 123,
275 683 300 723 ro
319 681 376 724 sea
397 664 512 724 devota
535 663 760 734 meditatione,
784 663 839 723 de·

83 755 171 822 sunt,
192 745 350 822 sequitur,
371 753 407 804 ut
421 744 450 805 is
465 744 666 821 integrorum
682 743 837 803 librorum

84 826 160 887 fons
189 843 263 886 esse
292 842 358 886 non
389 824 502 900 possit.
553 824 677 886 Contra
708 824 736 884 si
765 823 839 900 quis

84 908 168 967 liber
196 905 357 966 eiusmodi
386 904 513 964 lacunis
543 913 647 980 caret,
678 903 706 964 si
739 904 839 965 ceteri

83 987 233 1048 eiusdem
248 1004 314 1047 nou
335 986 441 1046 solum
464 985 567 1045 bonas
589 984 748 1045 lectiones
770 984 839 1045 fere

82 1069 251 1144 praebent,
273 1066 332 1127 sed
354 1065 451 1126 etiam
474 1066 526 1125 vel
549 1065 678 1142 ineptos
700 1081 840 1140 errores,

83 1165 169 1226 quos
204 1147 368 1224 corrigere
405 1146 500 1206 facile
536 1155 623 1221 erat,
658 1162 756 1221 saepe
789 1162 840 1205 se·

83 1237 230 1306 quantur
251 1261 290 1270 -
311 1227 402 1287 velut
424 1226 451 1286 si
472 1235 564 1298 afa
586 1229 631 1301 16,
645 1242 672 1283 24
693 1243 751 1302 pro
769 1241 840 1301 pre-

83 1309 247 1369 tiosiorem
276 1308 397 1368 habent
420 1306 579 1383 precisio¹
605 1306 840 1382 preciosiorem,

82 1413 108 1452 a
128 1399 183 1452 att
209 1389 376 1464 precioso²
400 1387 625 1463 preciosiorem
645 1390 702 1462 24,
730 1404 755 1444 13
779 1397 841 1448 aa

84 1477 219 1544 esaia
241 1469 398 1538 incedas,
422 1478 446 1531 a
467 1476 499 1527 et
518 1477 533 1529 t
555 1467 692 1526 intuitus
713 1483 771 1542 pro
794 1467 841 1526 ia-

83 1549 202 1620 calias,
223 1552 273 1624 28,
296 1565 320 1606 rr
342 1557 399 1620 ef
411 1572 433 1624 q
452 1547 657 1608 commisissis
678 1563 736 1622 pro
758 1563 843 1606 com-

84 1629 210 1700 missis,
237 1633 286 1703 95,
307 1646 335 1686 aa
355 1652 373 1691 a
392 1651 413 1703 p
432 1637 455 1690 lc
473 1628 666 1687 desensiiate
686 1644 745 1703 pro
767 1627 841 1687 den-

82 1710 192 1781 sitate,
220 1712 286 1784 117,
306 1725 333 1767 ao
354 1724 372 1763 e
391 1709 476 1768 amic
498 1708 641 1768 istabiles
662 1707 745 1784 (sic),
766 1707 843 1781 att

83 1790 198 1850 amicti
211 1789 354 1860 stabiles,
374 1790 476 1864 157,m
495 1813 513 1851 e
529 1788 620 1847 daci
634 1788 717 1864 (sic),
732 1812 754 1864 q
767 1787 843 1847 daci

82 1887 145 1948 pro
167 1870 272 1941 deici,
298 1872 370 1944 191,
391 1885 418 1926 aa
439 1877 519 1940 eflc
541 1868 695 1928 inuasissi
712 1884 773 1943 pro
795 1868 842 1927 ia-

82 1950 210 2022 vasisii,
230 1951 269 2010 ad
285 1967 367 2027 quae
382 1948 531 2024 exempla
545 1949 646 2008 multa
661 1948 775 2026 parilia
789 1948 842 2008 ad-

83 2032 165 2091 dere
180 2047 314 2107 possum
330 2028 464 2105 —quin
486 2028 519 2088 hi
542 2046 583 2089 ex
597 2029 653 2088 illo
669 2029 843 2105 pendeant,

83 2109 235 2172 dubitare
257 2127 322 2170 non
345 2119 396 2170 est
419 2117 686 2169 consentaneum.
730 2109 842 2185 ltaque

83 2195 148 2253 hac
179 2191 232 2251 via
262 2208 328 2251 non
363 2189 435 2250 sine
471 2206 587 2266 magno
623 2189 842 2265 diuturnoque

84 2273 197 2332 labore
213 2287 407 2348 progressus
423 2269 530 2345 effeci,
546 2280 580 2331 ut
596 2287 636 2330 ex
650 2293 667 2332 e
682 2269 843 2329 editiones

80 2358 843 2427 fptakm,dexf,texa,texqrepe-

85 2432 166 2493 titae
188 2446 263 2490 esse
286 2429 520 2490 existimandae
543 2429 618 2489 sint.
648 2429 728 2489 Rem
748 2429 792 2490 ita
806 2446 842 2489 se

85 2512 210 2572 habere
233 2527 297 2587 quo
319 2509 449 2586 planius
478 2518 709 2586 cognoscatur,
735 2519 844 2573 aeta

86 2593 208 2652 adnoto
244 2590 403 2650 adversus
438 2607 554 2650 omnes
584 2590 671 2651 inter
700 2607 736 2650 se
768 2606 843 2649 con·

64 2671 214 2733 'sentire
244 2670 326 2730 locis
360 2673 425 2731 169.
476 2670 584 2747 Atque
607 2673 621 2724 i
647 2687 842 2747 quamquam

86 2751 257 2828 exemplar
285 2751 318 2810 in
341 2751 532 2811 universum
556 2750 647 2828 quasi
671 2750 844 2825 serviliter,

85 2848 337 2908 nonnumquam
377 2830 588 2907 neglegenter
630 2848 669 2891 ex
704 2843 728 2895 a
756 2830 844 2907 typis

87 2911 272 2988 excriptum
285 2920 345 2986 est,
360 2920 469 2971 tamen
480 2910 533 2970 hic
544 2910 611 2971 illic
622 2911 736 2971 faciles
748 2911 846 2971 habet

87 2991 349 3067 emendationes,
371 2991 484 3068 quales
499 2999 591 3050 sunt:
613 2995 662 3066 51,
675 3008 690 3049 a
703 3002 727 3055 a
739 3006 845 3050 sacra-

87 3071 302 3142 mentissime,
324 3081 338 3134 a
356 3071 588 3141 sacratissime,
614 3074 670 3146 52,
690 3087 717 3128 27
738 3082 762 3134 a
781 3079 851 3142 etf

86 3153 324 3232 effectionibus,
345 3160 360 3212 i
378 3151 618 3228 affectionibus,
640 3155 716 3227 58,7
737 3163 761 3215 a
781 3160 851 3224 ets

87 3237 246 3304 irrascor,
277 3242 291 3295 a
318 3232 455 3302 irascor,
497 3235 571 3307 164,
591 3248 618 3290 aa
646 3243 670 3295 a
696 3233 845 3292 vaiaersa

87 3313 261 3384 lachrima,
282 3322 297 3375 c
314 3312 481 3372 uniuersas
503 3312 685 3372 lachrimas.

86 3451 254 3460 -.-———-—

155 3533 164 3562 ²
179 3531 204 3574 ln
223 3533 351 3584 eprccicio
366 3531 470 3572 ultimam
485 3531 578 3573 verbum
594 3531 633 3573 iol.
648 3531 678 3571 lia
694 3531 781 3583 legitur.

155 3605 165 3632 ²
179 3601 205 3644 ln
219 3611 243 3649 a
258 3605 358 3654 praeroso
373 3604 432 3644 linea
446 3603 513 3644 rubra
527 3603 623 3645 deletum
637 3610 680 3645 est.

450 3691 491 3732 399
