2194 4180
115 594 188 655 eius
209 611 286 671 prae
308 594 410 655 nimio
432 595 545 656 dolore
567 597 793 674 compatiendo
815 598 869 659 de-

115 692 253 753 ficiebat.
296 693 401 755 Cibus
417 703 449 752 et
468 702 565 769 potus
587 694 626 753 ab
648 710 704 754 ore
727 694 799 754 eius
820 711 870 754 re·

114 789 224 850 cessit.
255 789 398 851 Somnus
419 792 458 851 ab
481 792 587 853 oculis
603 793 744 853 evanuit.
776 793 869 853 Flere

113 895 238 946 tantum
261 886 371 962 libuit,
400 895 431 948 et
458 887 580 949 diutius
601 889 714 950 vivere
743 889 815 950 sine
837 899 868 950 te

113 984 146 1044 in
170 985 291 1044 mundo
313 985 554 1047 amarissimum
576 987 755 1048 videbatur.
796 987 891 1051 Nisis

69 1076 72 1081 ’
113 1099 191 1159 ergo
207 1081 365 1142 voluntati
381 1091 456 1143 tuae
471 1101 512 1144 ex
526 1092 594 1144 toto
610 1101 647 1144 se
662 1083 868 1160 subiecisset,

112 1180 168 1240 vix
183 1180 344 1256 patienter
354 1198 488 1242 manere
499 1181 533 1242 in
544 1199 641 1242 carne
656 1191 730 1258 post
745 1181 867 1242 exitum

12 1289 14 1292 ·
112 1270 205 1338 tuum
241 1278 412 1355 potuisset.
466 1279 612 1339 Indicant
647 1280 761 1340 crebra
796 1279 868 1340 eius

90 1375 271 1450 lamenta,
299 1375 375 1452 quia
397 1375 469 1436 sine
491 1376 676 1453 praesentia
696 1385 751 1437 tua
779 1378 868 1438 nulla

111 1489 167 1532 res
189 1473 219 1532 ei
243 1471 303 1532 fuit
325 1472 467 1534 iucunda
487 1473 520 1534 in
543 1476 603 1534 hac
625 1474 699 1534 vita.
878 1492 903 1534 ro

154 1569 229 1645 Sed,
251 1570 401 1646 olitaria,
423 1571 550 1634 sustine
571 1581 603 1632 te
625 1573 731 1632 adhuc
753 1590 865 1648 parum

111 1671 173 1728 hac
194 1669 267 1728 vice
289 1668 322 1728 in
344 1678 432 1729 tanta
447 1669 644 1731 necessitate
667 1687 740 1729 cum
762 1679 865 1731 matre

112 1767 188 1826 lesu
212 1775 243 1827 et
265 1766 434 1827 sororibus
463 1766 534 1826 eius
563 1776 694 1843 propter
721 1779 865 1828 amorem

110 1862 220 1923 dilecti
243 1863 289 1923 tui
312 1863 486 1947 pendentis
508 1863 541 1923 in
559 1881 666 1925 cruce.
703 1865 778 1925 Noli
801 1883 866 1926 ma-

108 1970 192 2021 trem
216 1961 386 2036 deserere,
408 1960 474 2020 noli
497 1978 516 2020 a
537 1961 637 2021 latere
658 1961 865 2023 tristissimae
877 1980 902 2020 15

110 2057 248 2134 virginis
270 2058 383 2118 matris
400 2058 474 2118 lesu
497 2058 662 2134 recedere,
684 2060 777 2137 quasi
799 2078 864 2120 non

109 2172 227 2232 posses
256 2156 396 2232 amplius
424 2164 489 2216 tam
518 2172 670 2232 magnum
700 2157 864 2231 planctum

109 2251 223 2312 videre
254 2261 286 2313 et
317 2254 474 2314 ululatum
505 2254 628 2314 audire.
676 2254 758 2314 Dole
790 2271 863 2314 cum

109 2350 316 2425 dolentibuS‚
346 2352 438 2427 plora
467 2369 541 2412 cum
574 2335 792 2428 plorantibus,
830 2360 864 2411 ut

108 2447 217 2522 possis
232 2449 373 2524 gaudere
389 2467 463 2509 cum
479 2449 695 2526 gaudentibus
715 2449 747 2509 in
762 2449 899 2526 gloriam

108 2545 321 2621 resurgentis.

150 2641 179 2703 Ο
215 2643 300 2704 bone
336 2651 368 2703 et
403 2643 626 2703 amantissime
659 2644 750 2719 lesu,
786 2643 863 2704 fecit

107 2740 223 2817 Maria,
245 2740 330 2801 sicut
351 2749 386 2801 tu
408 2740 585 2817 inspirasti,
607 2741 692 2801 sicut
715 2750 750 2801 tu
772 2758 863 2818 prae-

107 2836 217 2898 dixisti
237 2847 269 2898 et
284 2838 420 2914 iussisti,
442 2848 597 2917 utusque
613 2840 645 2900 in
661 2840 861 2916 sepulturam

106 2935 254 3010 corporis
275 2936 321 2996 tui
344 2945 545 3012 unguentum
561 2945 754 3010 reservaret,
776 2938 898 3013 quodzs

106 3041 317 3093 remanserat.
370 3034 444 3094 Non
480 3043 530 3094 est
566 3035 664 3095 oblita
699 3034 862 3095 sermonis

105 3128 153 3189 tui
181 3145 243 3189 nec
265 3131 411 3191 vendidit
439 3131 537 3208 illud,
566 3140 600 3192 ut
623 3133 719 3192 ludas
748 3131 861 3207 suasit,

105 3227 164 3287 sed
187 3226 220 3287 in
243 3228 401 3288 alabastro
424 3228 599 3289 custodivit
628 3239 659 3290 et
688 3231 781 3306 plura
808 3229 861 3288 ad-

105 3327 170 3384 huc
199 3325 277 3385 emit
306 3334 338 3385 et
367 3325 425 3386 tibi
454 3325 666 3402 praeparavit.
709 3327 795 3387 Vere
827 3325 859 3386 in

103 3421 302 3483 necessitate
323 3423 478 3500 probatur
499 3423 634 3499 amicus,
660 3433 692 3484 et
713 3423 896 3501 probatioao

103 3519 290 3581 dilectionis
321 3521 477 3581 exhibitio
509 3530 559 3581 est
590 3521 709 3598 operis.
760 3520 860 3597 Igitur

463 3625 505 3666 aa
