2152 4174
89 443 836 556 Qunam&

77 630 246 707 gutionem
263 632 422 692 maximas
435 633 556 710 gratias
567 651 663 710 agere
675 634 839 710 deberem,

79 745 98 788 e
125 729 283 790 contrario
306 730 378 790 sine
401 731 508 792 fructu
535 731 742 808 impatienter
764 750 839 792 con·

79 825 200 888 tristor.

123 924 273 1002 Quaeso,
303 925 460 1002 Domine,
489 926 620 1004 indulge
648 926 728 987 mihi
758 928 838 988 haee

79 1022 257 1082 commissa
288 1039 361 1083 mea
394 1032 426 1082 et
461 1024 547 1099 quod
583 1023 773 1100 frequenter
807 1032 861 1084 tes

79 1119 201 1180 offendi
232 1119 419 1180 levitatibus
448 1119 531 1180 meis
559 1137 620 1180 nec
649 1137 838 1180 cormeum

78 1217 112 1276 in
133 1217 276 1293 puritate
299 1217 520 1278 conscientiae
542 1216 702 1278 custodivi
721 1234 839 1293 neque,

78 1325 174 1391 prout
197 1315 331 1392 dignum
354 1324 420 1391 est,
446 1314 502 1375 tibi
526 1325 558 1375 et
579 1314 668 1375 omni
690 1314 838 1375 rationali

78 1423 248 1473 creaturae
283 1429 336 1472 me
372 1412 479 1488 ipsum
514 1413 623 1473 debita
655 1412 839 1472 reverentia

77 1509 216 1570 subieci.
245 1510 294 1570 Da
309 1509 388 1570 mihi
405 1511 567 1571 salubrem
584 1509 746 1571 tristitiam
763 1527 836 1569 cum
849 1531 874 1573 ιο

78 1605 170 1667 fonte
186 1606 403 1668 lacrimarum.
428 1608 476 1668 Da
491 1624 634 1668 amorem
647 1607 838 1684 disciplinae

77 1705 111 1765 in
120 1705 315 1766 memoriam
327 1707 490 1782 alaparum
502 1716 640 1766 tuarum.
661 1707 711 1767 Da
721 1707 837 1767 fortem

76 1803 257 1879 patientiae
285 1805 423 1881 palmam
452 1803 538 1864 inter
565 1803 685 1880 rigidas
708 1821 839 1864 accusa-

76 1901 189 1962 tiones
212 1919 343 1962 servare
365 1911 397 1961 et
419 1910 606 1978 contemptu
630 1917 683 1960 me
705 1901 837 1978 dignum

74 1999 256 2060 verissime
277 1999 430 2059 iudicare.
850 2022 874 2062 15

120 2096 171 2158 Sit
193 2097 273 2157 dura
295 2097 409 2173 capitis
430 2097 476 2157 tui
500 2097 669 2173 percussio
691 2097 836 2158 omnium

75 2194 230 2254 dolorum
252 2211 400 2255 meorum
426 2194 641 2271 corporalium
671 2194 838 2271 mitigatio,

75 2301 110 2352 et
134 2291 277 2352 derisiva
298 2293 467 2352 oculorum
491 2302 621 2352 tuorum
644 2293 761 2353 velatio
784 2310 838 2352 cu·

76 2388 261 2449 riositatem
297 2390 465 2450 oculorum
497 2406 644 2450 meorum
679 2398 837 2464 coerceat,

76 2485 177 2546 foeda
220 2487 353 2547 formosi
395 2487 506 2547 vultus
545 2487 591 2546 tui
633 2486 873 2563 consputatioao

76 2600 213 2643 omnem
245 2585 406 2645 carnalem
443 2584 595 2645 affectum
632 2583 664 2642 in
700 2600 752 2642 me
788 2599 837 2642 re-

75 2680 198 2757 primat
226 2681 405 2759 doceatque
433 2699 499 2742 non
532 2683 716 2756 attendere,
751 2681 837 2757 quod

76 2779 163 2839 nitet
185 2779 338 2857 exterius,
361 2781 418 2840 sed
441 2780 549 2856 potius
570 2779 730 2854 venerari,
754 2795 837 2855 quae

76 2879 169 2939 intus
191 2880 307 2955 latent,
335 2878 461 2939 animae
490 2864 637 2938 virtutes.
681 2874 837 2936 Ludifica-

75 2976 187 3036 tiones
197 2975 254 3035 tibi
267 2975 369 3036 laetae
383 2991 513 3035 omnem
529 2975 692 3035 levitatem
709 2990 836 3034 morum
846 2996 872 3037 25

76 3073 349 3150 iocositatemque
371 3089 486 3133 vanam
509 3090 527 3131 a
548 3089 601 3132 me
616 3072 784 3148 repellant,
805 3081 837 3131 et

77 3179 226 3231 extrema
247 3171 411 3248 dignitatis
428 3179 502 3230 tuae
517 3169 682 3230 vilificatio
705 3185 835 3229 omnem

78 3268 216 3328 honoris
238 3268 536 3344 concupiscentiam
555 3268 588 3327 in
605 3285 657 3328 me
673 3267 838 3344 extinguat

79 3375 112 3425 et
135 3366 174 3426 ad
196 3365 320 3426 abiecta
342 3376 373 3427 et
395 3367 531 3426 humilia
547 3382 678 3441 semper
692 3363 836 3425 inclinet.

79 3463 197 3524 Amen.
844 3478 872 3520 ao

125 3671 214 3710 ssomac
229 3681 242 3709 a
259 3671 286 3708 K.
303 3667 361 3709 Med.
447 3667 470 3707 8l
