<?xml version="1.0" encoding="UTF-8"?>
<!DOCTYPE html PUBLIC "-//W3C//DTD XHTML 1.0 Transitional//EN"
    "http://www.w3.org/TR/xhtml1/DTD/xhtml1-transitional.dtd">
<html xmlns="http://www.w3.org/1999/xhtml" xml:lang="en" lang="en">
 <head>
  <title>
</title>
<meta http-equiv="Content-Type" content="text/html;charset=utf-8" />
  <meta name='ocr-system' content='tesseract 3.04.00' />
  <meta name='ocr-capabilities' content='ocr_page ocr_carea ocr_par ocr_line ocrx_word'/>
</head>
<body>
  <div class='ocr_page' id='page_1' title='image "./thomaehemerkena02pohlgoog_0361.png"; bbox 0 0 2142 4172; ppageno 0'>
   <div class='ocr_carea' id='block_1_1' title="bbox 236 454 991 567">
    <p class='ocr_par' dir='ltr' id='par_1_1' title="bbox 236 454 1051 646">
     <span class='ocr_line' id='line_1_1' title="bbox 236 454 991 567; baseline 0.001 -1"><span class='ocrx_word' id='word_1_1' title='bbox 236 454 991 567; x_wconf 43' lang='lat' dir='ltr'>&amp;Qunam</span> 
     </span>
    </p>
   </div>
   <div class='ocr_carea' id='block_1_2' title="bbox 197 645 1042 3562">
    <p class='ocr_par' dir='ltr' id='par_1_2' title="bbox 197 645 1042 3562">
     <span class='ocr_line' id='line_1_2' title="bbox 235 645 990 723; baseline 0 -17"><span class='ocrx_word' id='word_1_2' title='bbox 235 645 396 723; x_wconf 90' lang='lat' dir='ltr'>appetitus</span> <span class='ocrx_word' id='word_1_3' title='bbox 418 661 512 705; x_wconf 90' lang='lat' dir='ltr'>meus</span> <span class='ocrx_word' id='word_1_4' title='bbox 540 645 573 705; x_wconf 92' lang='lat' dir='ltr'>in</span> <span class='ocrx_word' id='word_1_5' title='bbox 596 645 704 722; x_wconf 90' lang='lat' dir='ltr'>aliquo</span> <span class='ocrx_word' id='word_1_6' title='bbox 732 646 818 706; x_wconf 89' lang='lat' dir='ltr'>bono</span> <span class='ocrx_word' id='word_1_7' title='bbox 847 655 990 722; x_wconf 84' lang='lat' dir='ltr'>terreno,</span> 
     </span>
     <span class='ocr_line' id='line_1_3' title="bbox 235 742 989 804; baseline 0 0"><span class='ocrx_word' id='word_1_8' title='bbox 235 744 297 804; x_wconf 89' lang='lat' dir='ltr'>nisi</span> <span class='ocrx_word' id='word_1_9' title='bbox 329 743 421 803; x_wconf 82' lang='lat' dir='ltr'>luero</span> <span class='ocrx_word' id='word_1_10' title='bbox 450 742 506 804; x_wconf 94' lang='lat' dir='ltr'>tibi</span> <span class='ocrx_word' id='word_1_11' title='bbox 531 744 601 804; x_wconf 86' lang='lat' dir='ltr'>Deo</span> <span class='ocrx_word' id='word_1_12' title='bbox 631 759 705 803; x_wconf 93' lang='lat' dir='ltr'>meo</span> <span class='ocrx_word' id='word_1_13' title='bbox 731 743 928 803; x_wconf 90' lang='lat' dir='ltr'>coniunctus</span> <span class='ocrx_word' id='word_1_14' title='bbox 957 744 989 804; x_wconf 92' lang='lat' dir='ltr'>in</span> 
     </span>
     <span class='ocr_line' id='line_1_4' title="bbox 235 841 990 902; baseline 0.003 -2"><span class='ocrx_word' id='word_1_15' title='bbox 235 842 325 901; x_wconf 86' lang='lat' dir='ltr'>caelo</span> <span class='ocrx_word' id='word_1_16' title='bbox 347 851 379 901; x_wconf 92' lang='lat' dir='ltr'>et</span> <span class='ocrx_word' id='word_1_17' title='bbox 405 842 560 902; x_wconf 89' lang='lat' dir='ltr'>liberatus</span> <span class='ocrx_word' id='word_1_18' title='bbox 588 843 627 901; x_wconf 91' lang='lat' dir='ltr'>ab</span> <span class='ocrx_word' id='word_1_19' title='bbox 656 841 744 902; x_wconf 93' lang='lat' dir='ltr'>omni</span> <span class='ocrx_word' id='word_1_20' title='bbox 773 842 868 902; x_wconf 86' lang='lat' dir='ltr'>malo.</span> <span class='ocrx_word' id='word_1_21' title='bbox 913 842 990 902; x_wconf 91' lang='lat' dir='ltr'>ldeo</span> 
     </span>
     <span class='ocr_line' id='line_1_5' title="bbox 234 940 991 1017; baseline 0.003 -19"><span class='ocrx_word' id='word_1_22' title='bbox 234 948 342 999; x_wconf 86' lang='lat' dir='ltr'>autem</span> <span class='ocrx_word' id='word_1_23' title='bbox 357 940 564 1014; x_wconf 84' lang='lat' dir='ltr'>praecessisti</span> <span class='ocrx_word' id='word_1_24' title='bbox 583 958 636 1001; x_wconf 88' lang='lat' dir='ltr'>me</span> <span class='ocrx_word' id='word_1_25' title='bbox 651 941 690 1000; x_wconf 96' lang='lat' dir='ltr'>ad</span> <span class='ocrx_word' id='word_1_26' title='bbox 707 941 835 1000; x_wconf 90' lang='lat' dir='ltr'>Patrem</span> <span class='ocrx_word' id='word_1_27' title='bbox 857 957 991 1017; x_wconf 89' lang='lat' dir='ltr'>praepa-</span> 
     </span>
     <span class='ocr_line' id='line_1_6' title="bbox 212 1035 990 1100; baseline -0.003 0"><span class='ocrx_word' id='word_1_28' title='bbox 212 1036 335 1100; x_wconf 80' lang='lat' dir='ltr'>srando</span> <span class='ocrx_word' id='word_1_29' title='bbox 357 1035 442 1098; x_wconf 91' lang='lat' dir='ltr'>viam</span> <span class='ocrx_word' id='word_1_30' title='bbox 465 1048 497 1098; x_wconf 91' lang='lat' dir='ltr'>et</span> <span class='ocrx_word' id='word_1_31' title='bbox 518 1039 626 1099; x_wconf 93' lang='lat' dir='ltr'>locum</span> <span class='ocrx_word' id='word_1_32' title='bbox 651 1037 935 1098; x_wconf 84' lang='lat' dir='ltr'>manendi-tecum</span> <span class='ocrx_word' id='word_1_33' title='bbox 959 1047 990 1098; x_wconf 87' lang='lat' dir='ltr'>et</span> 
     </span>
     <span class='ocr_line' id='line_1_7' title="bbox 235 1135 990 1213; baseline 0.003 -19"><span class='ocrx_word' id='word_1_34' title='bbox 235 1135 437 1210; x_wconf 92' lang='lat' dir='ltr'>impetrando</span> <span class='ocrx_word' id='word_1_35' title='bbox 460 1136 539 1196; x_wconf 93' lang='lat' dir='ltr'>mihi</span> <span class='ocrx_word' id='word_1_36' title='bbox 556 1137 685 1197; x_wconf 87' lang='lat' dir='ltr'>veniam</span> <span class='ocrx_word' id='word_1_37' title='bbox 701 1145 909 1212; x_wconf 89' lang='lat' dir='ltr'>peccatorum</span> <span class='ocrx_word' id='word_1_38' title='bbox 932 1153 990 1213; x_wconf 93' lang='lat' dir='ltr'>per</span> 
     </span>
     <span class='ocr_line' id='line_1_8' title="bbox 235 1232 988 1309; baseline 0.003 -17"><span class='ocrx_word' id='word_1_39' title='bbox 235 1232 403 1292; x_wconf 85' lang='lat' dir='ltr'><strong>cicatrices</strong></span> <span class='ocrx_word' id='word_1_40' title='bbox 425 1233 598 1294; x_wconf 92' lang='lat' dir='ltr'>vulnerum</span> <span class='ocrx_word' id='word_1_41' title='bbox 620 1243 767 1309; x_wconf 88' lang='lat' dir='ltr'>tuorum,</span> <span class='ocrx_word' id='word_1_42' title='bbox 795 1242 830 1293; x_wconf 93' lang='lat' dir='ltr'>ut</span> <span class='ocrx_word' id='word_1_43' title='bbox 852 1235 988 1294; x_wconf 82' lang='lat' dir='ltr'>habeam</span> 
     </span>
     <span class='ocr_line' id='line_1_9' title="bbox 236 1331 1042 1407; baseline 0.001 -17"><span class='ocrx_word' id='word_1_44' title='bbox 236 1331 386 1391; x_wconf 89' lang='lat' dir='ltr'>liduciam</span> <span class='ocrx_word' id='word_1_45' title='bbox 398 1348 546 1407; x_wconf 87' lang='lat' dir='ltr'>magnam</span> <span class='ocrx_word' id='word_1_46' title='bbox 562 1349 649 1392; x_wconf 91' lang='lat' dir='ltr'>nunc</span> <span class='ocrx_word' id='word_1_47' title='bbox 666 1341 698 1391; x_wconf 89' lang='lat' dir='ltr'>et</span> <span class='ocrx_word' id='word_1_48' title='bbox 712 1332 745 1392; x_wconf 95' lang='lat' dir='ltr'>in</span> <span class='ocrx_word' id='word_1_49' title='bbox 758 1331 866 1391; x_wconf 91' lang='lat' dir='ltr'>iuturo</span> <span class='ocrx_word' id='word_1_50' title='bbox 879 1348 988 1391; x_wconf 88' lang='lat' dir='ltr'>coram</span> <span class='ocrx_word' id='word_1_51' title='bbox 1041 1399 1042 1404; x_wconf 9' lang='grc' dir='ltr'>η</span> 
     </span>
     <span class='ocr_line' id='line_1_10' title="bbox 235 1429 988 1490; baseline 0.003 -3"><span class='ocrx_word' id='word_1_52' title='bbox 235 1437 266 1488; x_wconf 90' lang='lat' dir='ltr'>te</span> <span class='ocrx_word' id='word_1_53' title='bbox 289 1429 329 1487; x_wconf 87' lang='lat' dir='ltr'>de</span> <span class='ocrx_word' id='word_1_54' title='bbox 351 1429 558 1490; x_wconf 89' lang='lat' dir='ltr'>multitudine</span> <span class='ocrx_word' id='word_1_55' title='bbox 585 1429 831 1490; x_wconf 88' lang='lat' dir='ltr'>miserationum</span> <span class='ocrx_word' id='word_1_56' title='bbox 860 1439 988 1489; x_wconf 92' lang='lat' dir='ltr'>tuarum</span> 
     </span>
     <span class='ocr_line' id='line_1_11' title="bbox 201 1527 989 1604; baseline -0.003 -15"><span class='ocrx_word' id='word_1_57' title='bbox 201 1547 225 1589; x_wconf 85' lang='lat' dir='ltr'>ro</span> <span class='ocrx_word' id='word_1_58' title='bbox 235 1537 267 1586; x_wconf 91' lang='lat' dir='ltr'>et</span> <span class='ocrx_word' id='word_1_59' title='bbox 289 1527 511 1604; x_wconf 87' lang='lat' dir='ltr'>magnitudine</span> <span class='ocrx_word' id='word_1_60' title='bbox 533 1527 724 1588; x_wconf 91' lang='lat' dir='ltr'>meritorum</span> <span class='ocrx_word' id='word_1_61' title='bbox 753 1536 884 1586; x_wconf 92' lang='lat' dir='ltr'>tuorum</span> <span class='ocrx_word' id='word_1_62' title='bbox 915 1544 989 1587; x_wconf 95' lang='lat' dir='ltr'>cum</span> 
     </span>
     <span class='ocr_line' id='line_1_12' title="bbox 234 1625 989 1702; baseline -0.001 -17"><span class='ocrx_word' id='word_1_63' title='bbox 234 1625 989 1702; x_wconf 89' lang='lat' dir='ltr'>precibusomniumsanctorumetangelorum.</span> 
     </span>
     <span class='ocr_line' id='line_1_13' title="bbox 274 1719 989 1799; baseline -0.003 -17"><span class='ocrx_word' id='word_1_64' title='bbox 274 1721 326 1782; x_wconf 84' lang='lat' dir='ltr'>Ah</span> <span class='ocrx_word' id='word_1_65' title='bbox 343 1723 417 1782; x_wconf 91' lang='lat' dir='ltr'>lesu</span> <span class='ocrx_word' id='word_1_66' title='bbox 439 1725 534 1799; x_wconf 87' lang='lat' dir='ltr'>bone,</span> <span class='ocrx_word' id='word_1_67' title='bbox 556 1723 622 1783; x_wconf 94' lang='lat' dir='ltr'>noli</span> <span class='ocrx_word' id='word_1_68' title='bbox 645 1741 698 1784; x_wconf 88' lang='lat' dir='ltr'>me</span> <span class='ocrx_word' id='word_1_69' title='bbox 713 1723 911 1799; x_wconf 86' lang='lat' dir='ltr'>relinquere.</span> <span class='ocrx_word' id='word_1_70' title='bbox 942 1719 989 1781; x_wconf 92' lang='lat' dir='ltr'>Tu</span> 
     </span>
     <span class='ocr_line' id='line_1_14' title="bbox 234 1820 991 1894; baseline -0.001 -15"><span class='ocrx_word' id='word_1_71' title='bbox 234 1837 325 1880; x_wconf 88' lang='lat' dir='ltr'>amor</span> <span class='ocrx_word' id='word_1_72' title='bbox 347 1836 441 1880; x_wconf 92' lang='lat' dir='ltr'>meus</span> <span class='ocrx_word' id='word_1_73' title='bbox 462 1829 494 1880; x_wconf 98' lang='lat' dir='ltr'>et</span> <span class='ocrx_word' id='word_1_74' title='bbox 516 1820 714 1880; x_wconf 89' lang='lat' dir='ltr'>desiderium</span> <span class='ocrx_word' id='word_1_75' title='bbox 737 1820 864 1880; x_wconf 90' lang='lat' dir='ltr'>animae</span> <span class='ocrx_word' id='word_1_76' title='bbox 886 1835 991 1894; x_wconf 86' lang='lat' dir='ltr'>meae,</span> 
     </span>
     <span class='ocr_line' id='line_1_15' title="bbox 234 1918 991 1994; baseline 0.001 -18"><span class='ocrx_word' id='word_1_77' title='bbox 234 1918 375 1977; x_wconf 87' lang='lat' dir='ltr'>salvator</span> <span class='ocrx_word' id='word_1_78' title='bbox 397 1935 491 1978; x_wconf 92' lang='lat' dir='ltr'>meus</span> <span class='ocrx_word' id='word_1_79' title='bbox 513 1928 545 1978; x_wconf 88' lang='lat' dir='ltr'>et</span> <span class='ocrx_word' id='word_1_80' title='bbox 566 1919 753 1994; x_wconf 88' lang='lat' dir='ltr'>redemptor</span> <span class='ocrx_word' id='word_1_81' title='bbox 774 1934 885 1992; x_wconf 89' lang='lat' dir='ltr'>meus,</span> <span class='ocrx_word' id='word_1_82' title='bbox 913 1935 991 1993; x_wconf 89' lang='lat' dir='ltr'>spes</span> 
     </span>
     <span class='ocr_line' id='line_1_16' title="bbox 201 2015 990 2092; baseline -0.006 -13"><span class='ocrx_word' id='word_1_83' title='bbox 201 2037 225 2079; x_wconf 72' lang='grc' dir='ltr'>ιε</span> <span class='ocrx_word' id='word_1_84' title='bbox 234 2032 310 2074; x_wconf 87' lang='lat' dir='ltr'>mea·</span> <span class='ocrx_word' id='word_1_85' title='bbox 329 2032 347 2074; x_wconf 91' lang='lat' dir='ltr'>a</span> <span class='ocrx_word' id='word_1_86' title='bbox 368 2015 537 2076; x_wconf 90' lang='lat' dir='ltr'>iuventute</span> <span class='ocrx_word' id='word_1_87' title='bbox 560 2033 642 2092; x_wconf 86' lang='lat' dir='ltr'>mea,</span> <span class='ocrx_word' id='word_1_88' title='bbox 665 2015 846 2091; x_wconf 83' lang='lat' dir='ltr'>expectatio</span> <span class='ocrx_word' id='word_1_89' title='bbox 862 2032 936 2074; x_wconf 86' lang='lat' dir='ltr'>mea</span> <span class='ocrx_word' id='word_1_90' title='bbox 957 2024 990 2075; x_wconf 85' lang='lat' dir='ltr'>et</span> 
     </span>
     <span class='ocr_line' id='line_1_17' title="bbox 234 2111 988 2190; baseline -0.003 -17"><span class='ocrx_word' id='word_1_91' title='bbox 234 2121 299 2173; x_wconf 88' lang='lat' dir='ltr'>tota</span> <span class='ocrx_word' id='word_1_92' title='bbox 314 2111 432 2173; x_wconf 86' lang='lat' dir='ltr'>fiducia</span> <span class='ocrx_word' id='word_1_93' title='bbox 447 2130 519 2174; x_wconf 90' lang='lat' dir='ltr'>mea</span> <span class='ocrx_word' id='word_1_94' title='bbox 534 2131 639 2190; x_wconf 88' lang='lat' dir='ltr'>usque</span> <span class='ocrx_word' id='word_1_95' title='bbox 654 2113 688 2173; x_wconf 94' lang='lat' dir='ltr'>in</span> <span class='ocrx_word' id='word_1_96' title='bbox 703 2121 918 2187; x_wconf 88' lang='lat' dir='ltr'>senectutem,</span> <span class='ocrx_word' id='word_1_97' title='bbox 933 2112 988 2189; x_wconf 91' lang='lat' dir='ltr'>qui</span> 
     </span>
     <span class='ocr_line' id='line_1_18' title="bbox 235 2210 990 2286; baseline 0 -16"><span class='ocrx_word' id='word_1_98' title='bbox 235 2210 341 2270; x_wconf 88' lang='lat' dir='ltr'>iecisti</span> <span class='ocrx_word' id='word_1_99' title='bbox 373 2210 406 2270; x_wconf 95' lang='lat' dir='ltr'>in</span> <span class='ocrx_word' id='word_1_100' title='bbox 438 2211 557 2271; x_wconf 92' lang='lat' dir='ltr'>virtute</span> <span class='ocrx_word' id='word_1_101' title='bbox 588 2220 643 2270; x_wconf 89' lang='lat' dir='ltr'>tua</span> <span class='ocrx_word' id='word_1_102' title='bbox 673 2210 833 2271; x_wconf 89' lang='lat' dir='ltr'>mirabilia</span> <span class='ocrx_word' id='word_1_103' title='bbox 863 2226 990 2286; x_wconf 89' lang='lat' dir='ltr'>magna.</span> 
     </span>
     <span class='ocr_line' id='line_1_19' title="bbox 235 2307 992 2385; baseline 0 -17"><span class='ocrx_word' id='word_1_104' title='bbox 235 2309 374 2384; x_wconf 87' lang='lat' dir='ltr'>Diligam</span> <span class='ocrx_word' id='word_1_105' title='bbox 405 2318 437 2368; x_wconf 85' lang='lat' dir='ltr'>te</span> <span class='ocrx_word' id='word_1_106' title='bbox 469 2317 501 2369; x_wconf 92' lang='lat' dir='ltr'>et</span> <span class='ocrx_word' id='word_1_107' title='bbox 530 2309 667 2370; x_wconf 90' lang='lat' dir='ltr'>laudabo</span> <span class='ocrx_word' id='word_1_108' title='bbox 699 2318 730 2368; x_wconf 92' lang='lat' dir='ltr'>te</span> <span class='ocrx_word' id='word_1_109' title='bbox 759 2324 859 2385; x_wconf 90' lang='lat' dir='ltr'>super</span> <span class='ocrx_word' id='word_1_110' title='bbox 880 2307 992 2368; x_wconf 91' lang='lat' dir='ltr'>omnia</span> 
     </span>
     <span class='ocr_line' id='line_1_20' title="bbox 235 2404 992 2482; baseline -0.003 -16"><span class='ocrx_word' id='word_1_111' title='bbox 235 2424 308 2467; x_wconf 91' lang='lat' dir='ltr'>cum</span> <span class='ocrx_word' id='word_1_112' title='bbox 332 2405 484 2466; x_wconf 89' lang='lat' dir='ltr'>omnibus</span> <span class='ocrx_word' id='word_1_113' title='bbox 505 2406 627 2466; x_wconf 90' lang='lat' dir='ltr'>sanctis</span> <span class='ocrx_word' id='word_1_114' title='bbox 655 2404 721 2465; x_wconf 92' lang='lat' dir='ltr'>tuis</span> <span class='ocrx_word' id='word_1_115' title='bbox 749 2423 807 2482; x_wconf 90' lang='lat' dir='ltr'>pro</span> <span class='ocrx_word' id='word_1_116' title='bbox 836 2404 992 2465; x_wconf 92' lang='lat' dir='ltr'>omnibus</span> 
     </span>
     <span class='ocr_line' id='line_1_21' title="bbox 197 2502 991 2579; baseline -0.008 -13"><span class='ocrx_word' id='word_1_117' title='bbox 197 2503 329 2569; x_wconf 76' lang='lat' dir='ltr'>zobonis</span> <span class='ocrx_word' id='word_1_118' title='bbox 350 2504 415 2563; x_wconf 91' lang='lat' dir='ltr'>tuis</span> <span class='ocrx_word' id='word_1_119' title='bbox 437 2503 639 2579; x_wconf 88' lang='lat' dir='ltr'>regratiando</span> <span class='ocrx_word' id='word_1_120' title='bbox 659 2503 716 2562; x_wconf 89' lang='lat' dir='ltr'>tibi</span> <span class='ocrx_word' id='word_1_121' title='bbox 731 2502 856 2577; x_wconf 92' lang='lat' dir='ltr'>intime,</span> <span class='ocrx_word' id='word_1_122' title='bbox 878 2518 991 2578; x_wconf 88' lang='lat' dir='ltr'>quam·</span> 
     </span>
     <span class='ocr_line' id='line_1_22' title="bbox 234 2599 991 2678; baseline -0.007 -16"><span class='ocrx_word' id='word_1_123' title='bbox 234 2602 288 2662; x_wconf 93' lang='lat' dir='ltr'>diu</span> <span class='ocrx_word' id='word_1_124' title='bbox 313 2603 405 2662; x_wconf 87' lang='lat' dir='ltr'>luero</span> <span class='ocrx_word' id='word_1_125' title='bbox 420 2601 613 2678; x_wconf 89' lang='lat' dir='ltr'>peregrinus</span> <span class='ocrx_word' id='word_1_126' title='bbox 628 2611 660 2659; x_wconf 91' lang='lat' dir='ltr'>et</span> <span class='ocrx_word' id='word_1_127' title='bbox 682 2600 756 2659; x_wconf 85' lang='lat' dir='ltr'>exul</span> <span class='ocrx_word' id='word_1_128' title='bbox 778 2599 811 2659; x_wconf 94' lang='lat' dir='ltr'>in</span> <span class='ocrx_word' id='word_1_129' title='bbox 827 2600 888 2659; x_wconf 93' lang='lat' dir='ltr'>hac</span> <span class='ocrx_word' id='word_1_130' title='bbox 903 2608 991 2658; x_wconf 85' lang='lat' dir='ltr'>terra</span> 
     </span>
     <span class='ocr_line' id='line_1_23' title="bbox 233 2697 628 2776; baseline -0.01 -16"><span class='ocrx_word' id='word_1_131' title='bbox 233 2697 504 2776; x_wconf 86' lang='lat' dir='ltr'>peregrinationis</span> <span class='ocrx_word' id='word_1_132' title='bbox 526 2714 628 2772; x_wconf 75' lang='lat' dir='ltr'>meae.</span> 
     </span>
     <span class='ocr_line' id='line_1_24' title="bbox 275 2781 989 2874; baseline -0.011 -12"><span class='ocrx_word' id='word_1_133' title='bbox 275 2781 332 2862; x_wconf 78' lang='lat' dir='ltr'>Eia</span> <span class='ocrx_word' id='word_1_134' title='bbox 353 2819 440 2862; x_wconf 94' lang='lat' dir='ltr'>nunc</span> <span class='ocrx_word' id='word_1_135' title='bbox 463 2807 646 2874; x_wconf 88' lang='lat' dir='ltr'>revertere,</span> <span class='ocrx_word' id='word_1_136' title='bbox 675 2797 782 2857; x_wconf 90' lang='lat' dir='ltr'>anima</span> <span class='ocrx_word' id='word_1_137' title='bbox 803 2813 892 2870; x_wconf 90' lang='lat' dir='ltr'>mea,</span> <span class='ocrx_word' id='word_1_138' title='bbox 915 2812 989 2855; x_wconf 92' lang='lat' dir='ltr'>cum</span> 
     </span>
     <span class='ocr_line' id='line_1_25' title="bbox 235 2896 992 2974; baseline -0.001 -16"><span class='ocrx_word' id='word_1_139' title='bbox 235 2898 356 2974; x_wconf 85' lang='lat' dir='ltr'>Maria,</span> <span class='ocrx_word' id='word_1_140' title='bbox 378 2907 480 2958; x_wconf 91' lang='lat' dir='ltr'>matre</span> <span class='ocrx_word' id='word_1_141' title='bbox 504 2898 597 2973; x_wconf 88' lang='lat' dir='ltr'>lesu,</span> <span class='ocrx_word' id='word_1_142' title='bbox 628 2905 660 2956; x_wconf 90' lang='lat' dir='ltr'>et</span> <span class='ocrx_word' id='word_1_143' title='bbox 682 2896 838 2972; x_wconf 87' lang='lat' dir='ltr'>apostolis</span> <span class='ocrx_word' id='word_1_144' title='bbox 868 2897 942 2956; x_wconf 89' lang='lat' dir='ltr'>eius</span> <span class='ocrx_word' id='word_1_145' title='bbox 973 2914 992 2957; x_wconf 88' lang='lat' dir='ltr'>a</span> 
     </span>
     <span class='ocr_line' id='line_1_26' title="bbox 198 2995 990 3072; baseline -0.004 -15"><span class='ocrx_word' id='word_1_146' title='bbox 198 3006 344 3058; x_wconf 71' lang='lat' dir='ltr'>atmonte</span> <span class='ocrx_word' id='word_1_147' title='bbox 382 2996 492 3056; x_wconf 92' lang='lat' dir='ltr'>oliveti</span> <span class='ocrx_word' id='word_1_148' title='bbox 509 2996 560 3056; x_wconf 75' lang='lat' dir='ltr'>=in</span> <span class='ocrx_word' id='word_1_149' title='bbox 593 2995 769 3056; x_wconf 88' lang='lat' dir='ltr'>Ierusalem</span> <span class='ocrx_word' id='word_1_150' title='bbox 801 2995 990 3072; x_wconf 90' lang='lat' dir='ltr'>quaerendo</span> 
     </span>
     <span class='ocr_line' id='line_1_27' title="bbox 234 3093 991 3170; baseline 0 -17"><span class='ocrx_word' id='word_1_151' title='bbox 234 3111 346 3170; x_wconf 86' lang='lat' dir='ltr'>pacem</span> <span class='ocrx_word' id='word_1_152' title='bbox 383 3094 490 3154; x_wconf 90' lang='lat' dir='ltr'>cordis</span> <span class='ocrx_word' id='word_1_153' title='bbox 526 3103 557 3154; x_wconf 88' lang='lat' dir='ltr'>et</span> <span class='ocrx_word' id='word_1_154' title='bbox 588 3093 731 3170; x_wconf 88' lang='lat' dir='ltr'>quietem</span> <span class='ocrx_word' id='word_1_155' title='bbox 767 3093 806 3153; x_wconf 90' lang='lat' dir='ltr'>ab</span> <span class='ocrx_word' id='word_1_156' title='bbox 837 3093 991 3153; x_wconf 92' lang='lat' dir='ltr'>omnibus</span> 
     </span>
     <span class='ocr_line' id='line_1_28' title="bbox 234 3190 991 3252; baseline -0.001 -1"><span class='ocrx_word' id='word_1_157' title='bbox 234 3192 355 3252; x_wconf 91' lang='lat' dir='ltr'>saeculi</span> <span class='ocrx_word' id='word_1_158' title='bbox 386 3192 483 3252; x_wconf 89' lang='lat' dir='ltr'>curis.</span> <span class='ocrx_word' id='word_1_159' title='bbox 525 3191 677 3252; x_wconf 83' lang='lat' dir='ltr'>Ascende</span> <span class='ocrx_word' id='word_1_160' title='bbox 706 3201 813 3252; x_wconf 90' lang='lat' dir='ltr'>autem</span> <span class='ocrx_word' id='word_1_161' title='bbox 843 3190 991 3250; x_wconf 85' lang='lat' dir='ltr'>cumeis</span> 
     </span>
     <span class='ocr_line' id='line_1_29' title="bbox 234 3289 991 3367; baseline 0.001 -19"><span class='ocrx_word' id='word_1_162' title='bbox 234 3290 266 3348; x_wconf 92' lang='lat' dir='ltr'>in</span> <span class='ocrx_word' id='word_1_163' title='bbox 290 3290 481 3349; x_wconf 88' lang='lat' dir='ltr'>cenaculum</span> <span class='ocrx_word' id='word_1_164' title='bbox 503 3289 641 3367; x_wconf 87' lang='lat' dir='ltr'>grande,</span> <span class='ocrx_word' id='word_1_165' title='bbox 670 3289 724 3350; x_wconf 93' lang='lat' dir='ltr'>ubi</span> <span class='ocrx_word' id='word_1_166' title='bbox 747 3289 869 3365; x_wconf 87' lang='lat' dir='ltr'>pascha</span> <span class='ocrx_word' id='word_1_167' title='bbox 894 3298 991 3349; x_wconf 85' lang='lat' dir='ltr'>vetus</span> 
     </span>
     <span class='ocr_line' id='line_1_30' title="bbox 234 3386 992 3464; baseline 0.003 -18"><span class='ocrx_word' id='word_1_168' title='bbox 234 3387 441 3446; x_wconf 87' lang='lat' dir='ltr'>terminatum</span> <span class='ocrx_word' id='word_1_169' title='bbox 465 3395 563 3456; x_wconf 81' lang='lat' dir='ltr'>estet</span> <span class='ocrx_word' id='word_1_170' title='bbox 585 3404 705 3447; x_wconf 92' lang='lat' dir='ltr'>novum</span> <span class='ocrx_word' id='word_1_171' title='bbox 728 3386 913 3448; x_wconf 90' lang='lat' dir='ltr'>institutum</span> <span class='ocrx_word' id='word_1_172' title='bbox 932 3404 992 3464; x_wconf 86' lang='lat' dir='ltr'>per</span> 
     </span>
     <span class='ocr_line' id='line_1_31' title="bbox 197 3484 989 3562; baseline 0 -16"><span class='ocrx_word' id='word_1_173' title='bbox 197 3484 420 3546; x_wconf 80' lang='lat' dir='ltr'>sovenerabile</span> <span class='ocrx_word' id='word_1_174' title='bbox 442 3494 681 3545; x_wconf 81' lang='lat' dir='ltr'>sacramentum</span> <span class='ocrx_word' id='word_1_175' title='bbox 699 3485 846 3562; x_wconf 90' lang='lat' dir='ltr'>corporis</span> <span class='ocrx_word' id='word_1_176' title='bbox 862 3485 989 3547; x_wconf 87' lang='lat' dir='ltr'>Christi</span> 
     </span>
    </p>
   </div>
   <div class='ocr_carea' id='block_1_3' title="bbox 234 3580 991 3729">
    <p class='ocr_par' dir='ltr' id='par_1_3' title="bbox 234 3580 991 3729">
     <span class='ocr_line' id='line_1_32' title="bbox 234 3580 991 3656; baseline 0.007 -17"><span class='ocrx_word' id='word_1_177' title='bbox 234 3580 389 3656; x_wconf 89' lang='lat' dir='ltr'>apostolis</span> <span class='ocrx_word' id='word_1_178' title='bbox 418 3581 526 3642; x_wconf 93' lang='lat' dir='ltr'>datum</span> <span class='ocrx_word' id='word_1_179' title='bbox 556 3592 588 3644; x_wconf 91' lang='lat' dir='ltr'>et</span> <span class='ocrx_word' id='word_1_180' title='bbox 612 3582 884 3644; x_wconf 86' lang='lat' dir='ltr'>commendatum.</span> <span class='ocrx_word' id='word_1_181' title='bbox 929 3584 991 3644; x_wconf 90' lang='lat' dir='ltr'>Re·</span> 
     </span>
     <span class='ocr_line' id='line_1_33' title="bbox 591 3687 632 3729; baseline -0.024 0"><span class='ocrx_word' id='word_1_182' title='bbox 591 3687 632 3729; x_wconf 77' lang='lat'>342</span> 
     </span>
    </p>
   </div>
   <div class='ocr_carea' id='block_1_4' title="bbox 0 0 1077 4172">
    <p class='ocr_par' dir='ltr' id='par_1_4' title="bbox 0 0 1077 4172">
     <span class='ocr_line' id='line_1_34' title="bbox 0 0 1077 4172; baseline 0 0"><span class='ocrx_word' id='word_1_183' title='bbox 0 0 1077 4172; x_wconf 95' lang='lat' dir='ltr'> </span> 
     </span>
    </p>
   </div>
  </div>
 </body>
</html>
