2152 4174
100 439 846 548 Qffiffihiaafflffi

92 645 226 688 servare
249 627 399 702 docuisti,
421 637 455 687 tu
478 628 548 704 ipse
570 626 660 702 prior
677 625 851 685 oboedien-

91 727 155 786 tiae
178 725 419 802 professionem
443 725 476 785 in
498 741 595 785 cruce
615 723 732 799 fecisti,
754 741 850 800 quam

92 824 247 885 omnibus
268 832 300 883 te
323 822 537 899 sequentibus
569 830 756 881 constanter
784 837 851 880 ser·

92 922 231 982 vendam
254 921 386 997 proprio
409 919 542 979 firmasti
567 919 726 994 exemplo.

133 1018 265 1078 Accede
296 1035 383 1078 nunc
419 1017 458 1077 ad
496 1017 644 1076 arborem
682 1016 874 1092 Crucifixi,s

93 1115 207 1177 mundi
223 1125 437 1192 contemptor,
459 1122 590 1175 sanctae
606 1113 714 1174 crucis
729 1123 852 1173 amator

93 1232 130 1275 ac
162 1213 332 1290 religionis
363 1212 539 1290 professor.
592 1211 645 1272 Sis
680 1210 785 1271 virilis
821 1221 852 1271 et

5 1309 6 1314 ’
94 1319 250 1371 constans
286 1309 319 1370 in
356 1318 467 1369 sancto
503 1309 689 1386 proposito;
726 1308 851 1371 Christi

94 1425 178 1484 opus
201 1416 251 1467 est
273 1416 305 1467 et
326 1417 401 1467 tuae
423 1406 538 1467 salutis
558 1406 796 1466 consummatio
819 1406 852 1466 in

94 1506 210 1566 ordine
226 1515 323 1580 stare,
344 1507 409 1566 sub
421 1504 627 1565 oboedientia
642 1503 753 1564 vivere
772 1512 803 1564 et
819 1503 851 1563 in
864 1526 889 1567 ro

94 1603 269 1679 disciplina
299 1620 521 1679 perseverare.
573 1603 679 1662 Nemo
711 1606 798 1678 ergo'
821 1610 852 1661 te

95 1709 228 1760 revocet
257 1716 275 1758 a
303 1708 388 1759 statu
417 1699 602 1775 religionis,
633 1701 672 1760 de
701 1701 754 1760 via
782 1718 853 1776 per-

96 1796 260 1872 fectionis,
275 1815 294 1856 a
308 1797 416 1857 studio
431 1798 567 1857 devotae
584 1798 853 1874 conversationis,

95 1913 114 1954 a
136 1903 212 1954 voto
234 1894 460 1971 professionis
492 1894 661 1954 Memento
683 1895 851 1972 apostolici

96 1991 277 2052 sermonis:
308 1992 394 2069 Quia
416 1992 571 2054 Christus
595 1992 699 2053 factus
723 2003 773 2054 est
795 2012 853 2070 pro
867 2017 890 2058 15

96 2091 193 2152 nobis
215 2091 393 2152 oboediens
415 2109 520 2168 usque
542 2093 581 2152 ad
599 2100 748 2166 mortem,
770 2106 854 2150 mor·

95 2199 163 2248 tem
186 2198 293 2249 autem
317 2189 434 2249 crucis.
473 2188 641 2266 Quidquid
663 2188 761 2266 igitur
782 2207 854 2266 pro·

96 2285 195 2346 mittit
217 2287 376 2360 mundus,
405 2286 562 2363 quidquid
585 2303 660 2347 caro
682 2287 854 2364 blanditur,

96 2384 335 2461 quantumlibet
372 2383 490 2444 acriter
524 2393 659 2461 temptat
697 2385 854 2460 diabolus,

96 2490 297 2559 quantumve
313 2480 503 2542 dissuadent
518 2482 625 2558 amici,
640 2491 694 2542 aut
706 2482 854 2542 derident
864 2507 891 2547 m

96 2577 302 2653 saeculares,
337 2596 402 2639 non
434 2580 600 2655 advertaS,
631 2579 698 2640 noli
730 2597 855 2655 curare,

96 2677 157 2738 sed
180 2675 311 2752 despice
334 2686 447 2737 totum.
479 2676 535 2737 Sta
557 2677 640 2737 fixus
660 2676 693 2736 in
710 2676 855 2752 Christo,

97 2775 227 2851 respice
250 2792 392 2850 sursum,
416 2775 525 2835 attolle
548 2776 661 2835 oculos
684 2775 716 2834 in
740 2775 855 2836 Cruci·

97 2875 198 2934 fixum
222 2873 339 2949 amplis
366 2872 528 2932 bracchiis
556 2881 588 2932 te
610 2871 800 2932 invitantem
824 2883 856 2932 et

96 2989 157 3048 pro
186 2970 279 3030 brevi
308 2971 417 3030 labore
446 2978 578 3029 aeterna
600 2970 743 3046 praemia
764 2971 892 3047 poili-25

97 3077 239 3130 centem.
296 3066 350 3142 Si,
381 3066 505 3143 inquit,
541 3066 755 3142 compateris,
787 3084 873 3150 cor-¹

97 3164 268 3242 regnabis,
298 3173 330 3224 et
360 3164 387 3224 si
420 3173 644 3224 commortuus
674 3164 793 3239 fueris,
825 3173 856 3224 et

97 3262 408 3340 conglorificaberis.

141 3360 170 3422 Ο
194 3359 459 3421 constantissime
482 3368 514 3419 et
537 3359 715 3419 fortissime
737 3359 857 3419 athleta

98 3461 176 3520 lesu
214 3456 367 3532 Christe,
403 3457 631 3517 ardentissime
667 3465 790 3516 amator
825 3466 893 3520 etso

97 3563 311 3616 consecrator
338 3562 469 3615 sanctae
498 3555 622 3629 crucis,
651 3555 690 3614 da
718 3555 797 3615 mihi
823 3555 856 3615 in

463 3661 501 3703 rsa
