2142 4172
260 633 369 692 Laudo
396 641 429 692 et
457 631 627 708 magnifice
653 630 884 692 recommendo
905 630 973 709 pie-

219 739 316 792 tatem
332 738 365 790 et
379 728 663 789 mansuetudinem
679 738 777 805 tuam,
797 730 884 805 quod
899 739 974 806 post

218 828 308 905 pacis
336 827 531 888 oblationem
561 836 593 887 et
620 827 736 887 veniae
764 825 972 887 donationem

219 924 388 986 ostendisti
420 933 451 984 te
481 923 571 1000 pium
600 933 712 984 sancto
742 925 888 1001 apostolo
916 935 972 985 tuo
1048 921 1049 938 ¹

196 1021 362 1085 sThomae
391 1039 498 1081 coram
528 1030 560 1081 te
584 1037 691 1098 genua
719 1038 779 1081 sua
806 1021 974 1082 humiliter

219 1128 251 1180 et
272 1128 461 1180 reverenter
483 1118 624 1179 flectenti
647 1128 680 1179 et
697 1119 827 1179 veniam
850 1119 973 1179 cordia·

219 1217 292 1277 liter
333 1217 518 1293 deprecanti
558 1226 765 1278 sacrosancta
799 1217 971 1276 vulnerum

218 1323 347 1374 tuorum
370 1314 519 1391 stigmata
545 1315 687 1392 gloriosa
707 1315 795 1376 omni
818 1316 973 1375 thesauro

219 1412 330 1472 mundi
362 1412 524 1488 digniora,
555 1412 707 1472 omnibus
734 1411 874 1489 gemmis
900 1429 973 1488 pre·

185 1509 368 1585 rotiosiora,
396 1509 548 1569 omnibus
577 1510 661 1570 rosis
690 1510 880 1570 rubicundis
904 1510 973 1587 pul·

218 1605 356 1680 chrima,
374 1606 525 1668 omnibus
540 1606 738 1667 aromatibus
753 1617 785 1668 et
799 1607 974 1668 odoriferis
1054 1610 1055 1616 ’

219 1704 353 1766 floribus
364 1705 518 1765 dulciora.
536 1705 627 1765 Haec
642 1721 742 1781 super
757 1703 866 1764 omnia
880 1721 973 1764 orna·
1055 1724 1056 1730 ¹

218 1811 327 1863 menta
342 1803 506 1863 caelorum
521 1804 631 1864 lucent
648 1802 778 1879 clarius,
800 1802 974 1863 laetificant

218 1899 343 1960 animas
378 1909 563 1961 sanctorum
601 1901 759 1978 amplius,
792 1900 974 1961 accendunt

185 1997 316 2063 1scorda
345 1997 488 2059 fidelium
513 1999 697 2074 ardentius,
725 1997 896 2059 emolliunt
916 1998 974 2058 du-

219 2095 324 2155 ritiam
353 2106 560 2173 peccatorum
590 2097 739 2173 saepius,
766 2105 802 2157 ut
822 2097 974 2173 plangant

218 2192 343 2268 acrius,
378 2193 518 2254 excitant
548 2202 715 2270 torpentes
745 2195 784 2254 ad
815 2194 972 2255 orandum

219 2289 357 2366 diutius,
385 2293 516 2352 trahunt
538 2292 673 2352 devotos
695 2292 734 2352 ad
760 2292 972 2352 osculandum

219 2387 384 2463 crebrius,
419 2397 552 2449 movent
585 2389 757 2449 benivolos
790 2389 829 2449 ad
867 2406 973 2466 regra-

182 2485 362 2553 mtiandum
385 2486 441 2546 tibi
464 2486 655 2547 ferventius.
699 2487 789 2546 Haec
816 2487 918 2547 sancti
941 2496 974 2547 et

218 2581 420 2642 devotissimi
452 2583 553 2658 patris
583 2583 745 2643 Francisei
782 2583 891 2644 omnia
925 2583 973 2643 in-

218 2679 337 2740 teriora
358 2697 397 2739 ex
420 2680 582 2757 frequenti
598 2680 756 2740 memoria
773 2690 805 2741 et
820 2681 971 2743 exteriori

219 2787 351 2854 aspectu
373 2778 546 2839 vulnerum
565 2777 690 2839 Christi
713 2789 972 2856 compunxerunt

219 2884 250 2935 et
266 2875 344 2936 flere
361 2876 519 2950 fecerunt,
533 2884 568 2936 ut
583 2875 679 2935 etiam
696 2876 777 2937 foris
792 2877 971 2954 incorpore

182 2990 278 3033 aasuo
287 2983 493 3034 sacrosancta
501 2973 761 3050 stigmatapalam
770 2984 971 3051 apparerent.

220 3071 309 3131 Haec
331 3071 475 3148 quinque
502 3081 614 3132 sancta
636 3071 786 3131 amabilia
808 3071 882 3133 Iesu
904 3073 972 3132 vul·

218 3186 298 3229 nera
332 3169 437 3229 adhuc
467 3171 587 3230 multos
620 3170 756 3231 devotos
792 3169 972 3247 religiosos,

218 3267 315 3326 etiam
338 3267 523 3327 saeculares
544 3283 711 3343 personas,
733 3267 880 3328 virosae
902 3285 971 3328 mu·

218 3365 333 3440 lieres,
354 3381 452 3442 saepe
475 3365 564 3425 intus
585 3374 806 3444 compungunt
827 3375 860 3426 et
880 3365 972 3425 lacri-

181 3462 299 3522 aomari
321 3472 450 3539 cogunt,
471 3479 545 3522 cum
562 3461 719 3524 Crucifixi
742 3462 915 3540 imaginem
937 3463 969 3522 in

220 3558 360 3620 ecclesia
394 3559 505 3620 vident
539 3569 593 3620 aut
628 3560 814 3637 passionem
846 3560 970 3624 Christi

572 3664 614 3708 aaa
