2118 4180
247 369 994 481 &lismonam

241 576 299 635 pro
330 569 385 619 tna
414 559 556 635 gloriosa
586 575 694 618 coram
726 557 829 617 tribus
865 557 1000 633 regibus

240 655 451 732 apparitione.
494 656 580 717 Cum
609 655 697 715 enim
726 662 822 715 natus
847 672 940 716 esses
962 655 998 714 in

243 736 412 814 Bethleem
437 755 544 829 Iudae,
565 771 631 814 non
646 751 778 814 tardasti
794 751 998 812 maiestatem

240 863 328 913 tuam
357 851 545 912 bominibus
573 861 717 912 remotae
741 849 883 910 nationis
905 867 998 911 reve-

205 962 219 1002 5
241 952 324 1026 lare,
353 949 471 1027 quibus
496 959 527 1010 et
549 959 680 1010 sanctae
702 947 900 1025 paupertatis
921 955 998 1008 tuae

241 1048 411 1108 ostendisti
424 1057 610 1124 apparatum
626 1045 835 1122 perducendo
851 1061 908 1104 eos
922 1061 997 1104 cum

240 1145 364 1206 lumine
386 1145 518 1206 caelesti
541 1146 580 1205 ad
602 1143 800 1220 despicabile
828 1141 998 1202 habitatio·

240 1241 292 1301 nis
314 1251 388 1301 tuae
411 1241 621 1302 domicilium.
661 1239 689 1301 O
714 1241 805 1299 Deus
826 1256 942 1316 magne
964 1248 997 1299 et

241 1339 417 1414 mirabilis,
448 1339 503 1416 qui
535 1348 652 1399 cuncta
681 1338 772 1398 solus
803 1336 934 1397 ordinas
965 1345 997 1395 et

208 1449 356 1514 lomagna
386 1437 419 1496 in
450 1439 540 1498 caelo
572 1453 702 1496 sursum
738 1435 903 1511 operaris,
938 1452 996 1511 pro

241 1536 390 1610 exemplo
410 1544 518 1595 tamen
534 1534 701 1611 parvitatis
715 1534 872 1594 intuendo
888 1550 996 1593 coram

241 1641 287 1691 tot
318 1631 448 1708 regibus
477 1641 509 1691 et
539 1631 703 1692 nobilibus
738 1649 803 1691 non
838 1630 995 1692 erubuisti

241 1747 364 1807 pauper
383 1740 414 1790 et
429 1731 572 1790 incultus
588 1747 753 1806 apparere.
790 1729 873 1789 Nam
889 1744 996 1804 neque

241 1829 348 1887 locum
371 1845 478 1905 neque
500 1829 644 1888 habitum
667 1846 726 1904 pro
740 1827 835 1888 nobis
851 1844 996 1903 assump-

208 1936 308 1987 1⁵tum
338 1927 370 1986 in
399 1927 653 2003 splendidiorem
684 1926 828 2002 speciem
855 1923 996 1997 mutasti,

240 2024 298 2083 sed
321 2024 436 2084 eodem
459 2024 492 2084 in
515 2025 586 2083 loco
609 2033 640 2083 et
662 2023 773 2083 babitu
789 2022 888 2083 simili
911 2039 995 2083 com-

241 2138 377 2181 manens
388 2121 572 2197 pastoribus
583 2130 615 2181 et
625 2120 757 2197 regibus
771 2119 997 2180 indifferenter

240 2218 470 2280 demonstrasti
493 2228 534 2278 te.

283 2316 391 2376 Laudo
407 2315 605 2376 ineffabilem
622 2315 827 2376 clementiam
839 2325 927 2376 tuam
938 2333 994 2392 pro

205 2413 393 2491 adprimitiis
428 2413 573 2490 gentium
609 2423 641 2474 et
676 2414 845 2475 vocatione
886 2414 995 2474 alieni-

240 2528 414 2587 genarum,
445 2528 527 2586 quos
557 2512 597 2571 de
625 2512 771 2588 partibus
800 2511 935 2571 orientis
958 2511 994 2570 ad

242 2608 316 2668 lidei
340 2609 450 2667 lumen
472 2617 599 2668 secreta
620 2608 833 2684 inspiratione
861 2608 994 2669 traxisti.

242 2706 316 2765 Non
346 2714 421 2765 sunt
450 2705 573 2765 inventi
603 2705 636 2765 in
660 2706 759 2767 Israel
783 2724 823 2766 ex
844 2706 994 2783 principi-

241 2804 302 2863 bus
325 2803 406 2878 eius,
429 2803 483 2880 qui
507 2821 580 2863 cum
603 2813 690 2864 tanta
711 2805 813 2881 gloria
833 2814 864 2865 et
880 2805 943 2865 lide
957 2806 993 2864 ad

205 2901 473 2977 zsrequirendum
496 2900 673 2962 nativitatis
694 2911 768 2962 tuae
793 2903 900 2962 locum
925 2920 993 2979 pro·

241 3007 408 3074 perarent,
443 2997 488 3058 uti
519 2998 573 3058 isti
605 2999 822 3075 alienigenae,
858 3016 993 3075 quorum

242 3095 323 3155 tides
345 3095 461 3155 clarior
482 3104 514 3155 et
533 3096 663 3157 devotio
679 3096 858 3156 ferventior
879 3106 929 3157 est
950 3098 993 3158 in-

241 3201 347 3253 venta.

282 3289 440 3350 Glorilico
471 3299 503 3349 te
534 3308 592 3366 pro
625 3291 804 3351 admirabili
837 3292 993 3355 illumina-

205 3387 329 3448 aotione
350 3387 506 3464 gentium,
528 3389 614 3464 quod
632 3388 665 3448 in
681 3387 829 3449 obscuris
845 3390 992 3451 cordibus

243 3485 447 3546 orientalium
487 3494 552 3545 tam
592 3486 733 3562 gloriose
773 3486 927 3563 illuxisti,
962 3498 993 3548 nt

605 3591 632 3632 24
