2118 4180
75 418 802 529 Qfflnmnffiffi

68 621 122 679 que
147 623 314 682 compone.
351 605 518 684 Quidquid
541 607 573 667 in
600 624 653 668 me
675 607 809 668 carnali·

66 702 131 762 tatis
159 703 362 780 reppereris,
398 704 528 765 abscide
559 714 660 765 toturn
692 715 725 766 et
756 723 809 765 ex-

65 798 173 876 tingue.
229 801 398 879 Quidquid
437 802 638 879 superfluum
677 803 810 879 videris,

66 907 183 973 amputa
210 908 242 959 et
271 915 368 959 omne
401 916 520 959 vanum
550 917 586 960 ac
614 901 687 961 leve
714 900 810 960 disci·

66 995 161 1070 plinae
180 1007 255 1057 tuae
278 997 385 1073 rigore
410 1014 544 1074 coerce,
573 1008 734 1075 quatenus
763 998 809 1058 in·
832 1019 845 1058 5

67 1103 111 1152 tus
136 1111 153 1152 a
179 1093 268 1155 vitiis
297 1104 451 1171 purgatus
483 1105 514 1155 et
545 1097 716 1157 honestate
747 1097 810 1157 vir-

67 1199 158 1251 tutum
181 1193 356 1252 adornatus
378 1193 480 1252 sancti
497 1194 640 1253 nominis
655 1194 701 1254 tui
724 1211 810 1254 amo-

67 1305 125 1348 rem
155 1300 348 1365 perpetuum
385 1301 417 1350 et
450 1292 540 1368 regni
576 1291 622 1352 tui
660 1292 810 1353 caelestis

66 1402 180 1446 merear
201 1389 322 1448 habere
345 1389 555 1449 consortium.

257 1590 528 1666 [CAPITVLVM
552 1592 602 1667 X.]
822 1620 846 1660 ro

19 1743 20 1760 2
83 1715 122 1774 De
142 1715 347 1790 impositione
365 1715 527 1791 salutiferi
550 1715 690 1774 nominis
711 1715 790 1774 lesu.

131 1827 158 1854 ,ἢ
405 1825 409 1834 .

19 1885 20 1888 ’
64 1825 301 2047 &medico
324 1894 355 1944 et
372 1884 490 1960 gratias
506 1902 564 1961 ago
580 1885 648 1959 tibi,
671 1884 811 1944 Domine

19 2049 20 2060 χ
184 1984 260 2043 Iesu
284 1983 435 2057 Christe,
463 2000 521 2058 pro
542 1983 630 2058 novi,
652 1982 810 2043 salutiferi

19 2069 20 2076 '
62 2080 274 2158 adorandique
285 2081 484 2142 noministui
497 2081 715 2157 impositione,
725 2080 811 2156 quod

62 2189 204 2239 vocatum
228 2189 278 2239 est
294 2179 397 2239 lesus.
429 2179 502 2239 Hoc
524 2179 664 2256 primurn
688 2194 812 2237 annun·
824 2199 848 2239 15

62 2275 166 2337 tiatum
197 2277 258 2336 fuit
287 2277 326 2336 ab
348 2277 462 2352 angelo
487 2275 520 2336 in
546 2275 678 2336 auribus
699 2275 812 2334 beatae

64 2375 178 2436 Mariae
213 2375 367 2451 virginis3
401 2384 515 2450 postea
549 2381 661 2434 sancto
694 2371 811 2446 loseph

64 2475 219 2534 revelatur
247 2473 280 2531 in
312 2472 453 2547 somnis3
485 2472 542 2532 sed
573 2471 731 2531 hodierna
760 2469 812 2529 die

19 2587 20 2650 t
64 2570 244 2647 impositum
268 2568 396 2630 esttibi
419 2568 656 2644 aparentibus.
699 2566 813 2628 Odul·

19 2653 20 2730 ξ
65 2667 226 2727 cissimum
239 2667 313 2726 Iesu
329 2683 449 2726 nornen
465 2683 565 2742 super
580 2682 676 2725 omne
692 2682 849 2730 nomento

19 2733 21 2820 i
65 2765 91 2824 in
113 2768 201 2826 caelo
224 2775 256 2826 et
278 2765 312 2824 in
333 2775 420 2824 terra
440 2764 658 2824 benedictum.
690 2763 813 2823 Secun-

66 2863 132 2923 dum
155 2880 276 2924 nomen
299 2874 405 2939 tuum,
428 2864 519 2938 Iesu,
541 2862 643 2922 sicet
666 2862 737 2920 laus
759 2870 813 2920 tua

66 2959 92 3019 in
119 2961 202 3021 fines
231 2971 347 3022 terrae.
389 2961 418 3022 Α
440 2961 519 3021 solis
549 2969 621 3019 ortu
645 2958 813 3034 usquead

19 3037 21 3116 i
68 3074 210 3119 occasum
239 3059 400 3119 laudabile
428 3076 548 3119 nornen
575 3068 666 3118 tuum
689 3075 729 3116 ex
751 3058 813 3116 hoc

19 3219 20 3234 ζ
68 3173 144 3217 nunc
172 3167 205 3218 et
234 3175 339 3234 usque
368 3157 401 3216 in
430 3158 597 3217 saeculum
623 3154 850 3231 dignissimeas

68 3255 313 3327 glorificandum.
378 3254 451 3314 Hoc
495 3252 737 3313 sanctissimum
783 3259 814 3310 et

69 3353 246 3413 venerabile
285 3369 405 3412 nomen
446 3353 484 3412 ab
527 3360 659 3410 aeterno
699 3349 756 3409 tibi
797 3366 815 3407 a

70 3460 147 3522 patre
186 3450 427 3527 appropriatum
465 3458 531 3524 est,
569 3449 626 3508 sed
664 3447 697 3507 in
734 3456 814 3506 tern-

71 3563 137 3620 pore
187 3547 375 3608 hominibus
422 3547 674 3606 manifestatum.
740 3544 813 3604 Non

423 3651 447 3692 21
