2118 4180
83 430 822 540 Qffidnmrffiffi

77 617 198 694 signum
222 618 284 677 sibi
308 618 444 678 caelitus
466 627 635 678 ostensum
659 636 719 695 per
742 628 829 678 tanta

76 722 230 774 terrarum
260 715 363 791 spatia
391 715 593 776 indubitabili
624 714 686 776 fide
713 732 829 792 seque-

77 821 193 872 rentur.

112 908 221 970 Adoro
258 920 289 971 te
325 910 556 971 venerabiliter
592 928 666 970 cum
707 909 829 970 sanctis

77 1008 173 1084 magis
208 1025 322 1069 eorum
359 1007 565 1068 adhaerendo
596 1006 744 1083 vestigiis
775 1022 866 1066 cu·s

76 1105 164 1179 piens
195 1105 259 1165 tria
291 1105 345 1165 illa
380 1105 523 1180 pretiosa
556 1122 710 1180 munera,
746 1122 829 1181 quae

77 1221 186 1280 magna
208 1204 241 1263 in
264 1221 301 1264 se
324 1203 491 1263 continent
515 1204 687 1281 mysteria,
712 1204 829 1264 devoto

77 1300 189 1361 affectu
219 1301 277 1361 tibi
308 1301 437 1361 offerre.
484 1301 652 1377 Siquidem
682 1301 727 1360 illi
757 1318 829 1377 pro-

77 1398 218 1459 cidentes
255 1399 441 1459 obtulerunt
476 1416 590 1459 aurum
628 1399 661 1459 in
700 1400 828 1476 signum

76 1495 178 1571 regiae
208 1496 390 1572 dignitatis,
419 1506 471 1556 tus
500 1506 607 1557 autem
638 1497 670 1557 in
695 1515 829 1558 venera·
842 1513 865 1554 ιο

76 1592 192 1654 tionem
216 1593 346 1654 divinae
368 1594 564 1669 maiestatis,
585 1612 727 1654 murram
751 1613 829 1654 vero

77 1689 107 1749 in
136 1691 360 1751 ostensionem
394 1701 580 1767 assumptae
616 1692 829 1752 mortalitatis,

115 1788 339 1864 Quapropter,
358 1789 506 1865 piissime
529 1807 586 1850 rex
615 1806 742 1865 regum,
766 1790 829 1849 Do·

77 1885 176 1960 mine,
208 1895 317 1946 rector
345 1889 549 1947 saeculorum
580 1888 655 1948 lesu
685 1887 829 1961 Christe,

77 1987 202 2063 suscipe
233 1984 429 2045 oblationem
459 1986 630 2062 mysticam
661 1985 700 2044 de
731 2001 828 2044 manu
841 2003 866 2043 15

77 2083 226 2160 pauperis
248 2081 335 2142 servi
358 2081 422 2156 tui,
451 2099 546 2159 quam
571 2082 628 2142 tibi
653 2082 750 2142 liodie
772 2099 831 2158 per

77 2179 345 2241 intercessionem
361 2187 547 2239 sanctorum
565 2196 677 2255 regum
694 2180 831 2254 supplex

78 2285 295 2355 repraesento.

114 2375 229 2437 Offero
251 2373 308 2434 tibi
332 2373 436 2449 primo
464 2373 560 2433 fidem
583 2382 715 2448 rectam,
737 2391 828 2449 spem

77 2473 198 2534 firmam
236 2472 468 2548 caritatemque
508 2489 621 2547 puram
658 2472 730 2532 sine
766 2471 866 2533 fineao

75 2570 330 2631 custodiendam.
360 2569 470 2631 Credo
486 2579 518 2628 te
533 2585 608 2628 esse
624 2586 733 2647 regem
750 2569 830 2629 caeli

75 2678 105 2728 et
121 2677 247 2743 terrae;
269 2667 367 2726 adoro
382 2676 414 2726 te
430 2683 543 2726 verum
560 2667 678 2741 Deum,
697 2666 830 2727 unicum

75 2765 173 2840 patris
196 2764 317 2839 filium3
339 2764 498 2824 conliteor
518 2773 550 2823 te
572 2773 704 2840 propter
725 2781 830 2824 meam

75 2863 212 2922 salutem
235 2863 371 2921 mortale
394 2879 512 2938 corpus
530 2862 570 2921 de
586 2862 690 2921 Maria
705 2863 831 2939 virgine

74 2960 273 3036 suscepisse.
840 2981 867 3023 25

112 3056 237 3133 Accipe
260 3057 365 3116 adhuc
387 3067 419 3117 et
441 3057 502 3116 tria
520 3057 583 3116 alia
597 3074 734 3117 munera
755 3057 830 3117 boni

74 3154 184 3215 odoris
206 3154 398 3216 suavitatem
421 3155 453 3214 in
477 3172 513 3214 se
535 3156 743 3216 continentia.
784 3157 831 3216 En

75 3253 158 3314 dono
181 3252 251 3328 tibi,
273 3253 358 3329 quod
381 3271 399 3312 a
419 3263 452 3313 te
474 3253 595 3329 accepi,
618 3269 747 3312 omnem
771 3253 832 3312 sci·

76 3351 148 3413 licet
181 3350 394 3410 substantiam
427 3350 538 3410 mundi
576 3367 633 3426 pro
669 3360 701 3410 te
735 3349 831 3409 relin-

76 3449 205 3525 quendo
226 3465 289 3508 nec
311 3449 432 3525 aliquid
451 3448 617 3524 proprium
638 3448 671 3508 in
691 3450 751 3508 hac
767 3448 867 3514 vita³0

78 3555 149 3622 opto
178 3545 366 3622 possidere,
397 3547 455 3606 sed
484 3546 649 3606 communi
678 3546 766 3606 victu
795 3564 831 3606 ac

439 3650 467 3693 25
