2142 4172
105 624 196 677 recto
226 614 344 676 itinere
375 632 480 692 usque
511 615 544 675 in
581 617 707 677 caelum
737 619 859 695 gloriae

104 723 191 775 tuae.
234 714 320 790 Fuga
348 732 367 773 a
394 731 448 775 me
474 715 569 792 longe
591 725 725 776 ventum
748 733 861 792 super·

103 812 178 873 biae
199 811 233 871 in
257 811 394 890 legendo
410 821 442 873 et
457 813 615 873 cantando
632 830 740 874 coram
757 814 861 874 iratri-

103 912 167 972 bus
197 910 389 971 melioribus
420 927 473 970 me
503 911 536 971 in
569 913 686 987 choro,
721 911 791 972 sive
827 911 859 971 in

104 1009 267 1070 studendo
290 1017 323 1068 et
344 1009 517 1069 scribendo
546 1009 647 1069 libros
669 1027 780 1069 sacros
802 1025 883 1086 pros

104 1115 271 1167 conventu
293 1116 405 1166 nostro
434 1123 487 1166 me
509 1107 660 1167 extollam
690 1116 744 1167 aut
775 1124 861 1167 conr-

103 1221 217 1280 parem
240 1220 293 1263 me
315 1203 515 1264 doctioribus
537 1214 592 1264 aut
606 1205 805 1265 acutioribus
827 1204 861 1264 in

103 1301 238 1378 ingenio
261 1302 346 1361 dono
378 1310 434 1361 tuo
457 1301 506 1362 eis
534 1303 624 1378 dato,
655 1319 697 1362 ne
727 1302 860 1378 perdam

105 1401 249 1460 fructum
270 1399 347 1458 boni
376 1399 485 1475 operis
513 1401 609 1461 modo
638 1410 670 1461 et
695 1400 729 1461 in
752 1400 860 1461 futuro

103 1507 275 1558 aeternum
298 1496 478 1572 praemium
501 1499 585 1573 apud
607 1507 638 1557 te
660 1498 693 1558 in
716 1499 816 1558 caelo.
872 1513 897 1556 to

148 1594 320 1656 Conserva
341 1595 438 1654 etiam
462 1612 514 1655 me
536 1596 569 1655 in
594 1605 787 1672 tempestate
808 1614 861 1656 va·

104 1693 172 1754 lida
193 1693 231 1752 ab
253 1691 301 1751 ira
330 1702 362 1752 et
389 1693 611 1769 indignatione
640 1693 798 1768 fraterna,
827 1703 861 1753 ut

104 1791 254 1851 studeam
286 1791 423 1850 aliorum
456 1808 565 1852 mores
596 1800 628 1851 et
663 1792 773 1868 lapsus
808 1791 861 1866 pie

104 1889 247 1950 sufferre
279 1897 311 1948 et
342 1888 427 1948 sicut
457 1889 606 1964 proprios
638 1888 786 1949 defectus
808 1905 861 1948 ex-

104 2002 233 2061 casare,
254 1985 339 2045 sicut
359 1994 405 2061 tu,
428 1987 585 2061 Domine,
615 1987 699 2047 bene
722 1987 860 2048 docuisti
873 2003 897 2046 ta

104 2084 286 2161 discipulos
320 2094 395 2145 tuos
431 2085 484 2145 diu
515 2094 547 2145 et
575 2103 673 2162 saepe
702 2103 760 2146 eos
788 2103 861 2162 por-

104 2183 204 2243 tando
235 2192 267 2242 et
297 2184 336 2244 ad
373 2183 569 2259 perfectiora
603 2193 773 2244 mansuete
808 2183 861 2243 ad·

105 2282 281 2341 monendo.

148 2379 197 2438 Da
219 2379 298 2439 mihi
322 2388 353 2440 te
375 2387 408 2439 et
436 2387 584 2439 sanctum
609 2379 741 2439 Petrum
767 2378 860 2455 sequi

104 2491 165 2552 per
195 2491 326 2535 crucem
356 2476 499 2537 laborem
530 2477 675 2552 corporis
711 2485 743 2536 et
774 2477 897 2536 dolo-ao
992 2482 993 2486 ’

105 2588 176 2633 rern
206 2573 314 2633 cordis
343 2573 503 2649 patienter
531 2574 666 2635 ferendo
695 2574 861 2651 usquead

105 2677 256 2730 mortem.

150 2767 283 2829 Praesta
304 2769 384 2829 mihi
407 2769 540 2848 indigno
555 2770 718 2847 peccatori
741 2787 781 2830 ex
796 2786 862 2829 ma-

104 2885 169 2945 gna
191 2867 417 2928 misericordia
439 2877 494 2928 tua
511 2887 584 2929 curn
601 2877 713 2929 sancto
728 2866 862 2942 Thomas,

104 2964 252 3026 veridico
284 2975 316 3025 et
348 2965 435 3026 fideli
467 2966 631 3042 apostolo,
661 2974 794 3042 tangere
830 2973 897 3025 etas

104 3063 237 3140 palpare
268 3061 453 3122 mentaliter
487 3071 693 3122 sacrosancta
727 3062 863 3121 vulnera

80 3170 82 3174 ’
104 3170 162 3221 tua
183 3170 215 3220 et
238 3159 357 3221 cotidie
379 3176 418 3219 ea
445 3159 594 3221 meditari
624 3159 657 3218 in
680 3158 797 3234 missa,
828 3158 861 3217 in

105 3259 199 3334 cella,
220 3258 255 3318 in
273 3274 397 3334 mensa,
419 3257 453 3319 in
469 3257 557 3317 omni
574 3257 646 3317 ioco
668 3266 700 3317 et
714 3266 861 3332 tempore

104 3373 165 3433 pro
206 3355 381 3432 gratiarum
424 3355 551 3415 actione
593 3364 625 3415 et
664 3372 722 3431 pro
758 3353 861 3415 sancti

104 3453 250 3516 nominis
291 3454 338 3513 tui
375 3469 485 3513 amore
520 3462 552 3513 et
587 3461 718 3513 sanctae
754 3451 897 3514 crucisso

105 3554 242 3612 honore.

463 3655 503 3698 aar
