2142 4172
271 627 445 704 Simplices
460 645 538 688 vero
554 637 586 688 et
601 627 747 702 devotos,
764 626 878 703 quales
894 636 993 687 erant

230 724 367 804 apostoli
396 735 428 786 et
456 725 510 784 alii
533 724 683 802 discipuli
708 724 764 784 illa
784 725 865 784 hora
885 723 931 783 ibi
955 724 991 784 in

231 823 382 883 clausura
396 821 591 899 congregati,
612 821 762 898 visitasti,
784 820 991 896 illuminasti,

231 920 419 981 confortasti
449 929 481 980 et
508 920 735 980 benivolenter
763 919 909 980 salutasti
942 920 990 980 di·

205 1035 325 1082 scens:
349 1018 415 1077 Pax
430 1017 540 1093 vobis3
562 1034 621 1094 ego
637 1034 721 1093 sum,
742 1017 843 1077 nolite
858 1016 988 1077 timere.

270 1116 380 1175 Laudo
409 1125 441 1175 et
461 1114 642 1175 honorifico
670 1124 702 1174 te
724 1132 782 1190 pro
804 1123 868 1174 tam
892 1116 987 1175 suavi

229 1222 261 1272 et
282 1211 416 1288 pacifica
437 1211 630 1272 salutatione
652 1221 725 1287 post
748 1221 813 1271 tam
835 1229 987 1289 magnam

228 1309 469 1370 tribulationem
492 1319 524 1369 et
538 1309 655 1385 plaudo
673 1309 824 1370 manibus
838 1327 896 1386 pro
919 1320 986 1371 tam

227 1407 311 1467 laeta
332 1407 460 1467 visione
487 1416 561 1484 post
588 1416 653 1466 tarn
674 1424 806 1484 gravem
831 1408 987 1468 turbatio·

193 1531 218 1572 10
228 1520 303 1563 nem
333 1512 364 1563 et
395 1502 619 1578 formidinem,
648 1511 682 1562 ut
710 1502 827 1563 merito
849 1504 986 1580 visitari,

229 1601 407 1677 consolari,
429 1600 602 1661 confortari
626 1609 658 1660 et
679 1601 810 1661 salutari
836 1602 876 1662 de
898 1620 985 1663 novo

229 1711 378 1778 egerent,
410 1701 464 1779 qui
496 1701 529 1761 in
560 1710 665 1761 tantas
696 1700 922 1761 tribulationes
953 1710 985 1761 et

229 1799 457 1874 temptationes
468 1799 661 1874 ceciderant,
676 1799 790 1874 quales
805 1816 982 1875 numquam

228 1895 319 1972 prius
342 1895 425 1956 forte
447 1896 569 1972 experti
593 1896 737 1971 fuerant,
770 1896 813 1956 ita
841 1905 875 1956 ut
903 1905 984 1955 tam-

194 2021 219 2062 15
229 2010 325 2070 quam
348 2009 427 2052 oves
441 1991 549 2069 gregis
564 2000 694 2067 pastore
710 2000 802 2068 capto
824 2001 856 2052 et
872 1991 982 2052 occiso

229 2108 344 2151 omnes
379 2089 529 2167 lugerent
562 2099 594 2150 et
629 2089 705 2149 hinc
736 2089 812 2149 inde
843 2089 982 2165 dispersi

228 2189 376 2265 lugerent
398 2197 429 2248 et
450 2187 603 2247 timerent
625 2196 657 2246 et
681 2187 810 2246 tandem
832 2188 886 2248 vix
908 2206 982 2249 sero
1049 2223 1050 2278 p

228 2285 312 2346 lacto
323 2285 356 2344 in
365 2301 466 2345 unum
476 2302 511 2344 se
523 2284 713 2361 colligerent
722 2294 754 2344 et
763 2295 982 2361 repausarent.

269 2383 377 2444 Laudo
398 2391 430 2442 et
444 2381 615 2459 magnifice
631 2382 736 2442 exalto
753 2383 847 2442 dulce
862 2399 982 2443 nomen

189 2490 336 2555 actuum,
367 2479 515 2556 piissime
547 2480 639 2554 lesu,
673 2496 773 2555 super
803 2496 918 2539 omnes
948 2480 981 2539 in

227 2578 317 2638 caelo
340 2585 371 2637 et
392 2576 425 2636 in
448 2585 543 2651 terra,
565 2576 641 2652 quia
656 2576 754 2636 hodie
775 2577 924 2653 dignatus
945 2595 981 2638 es

227 2675 340 2736 venire
368 2674 408 2734 ad
431 2673 585 2750 fugitivos
607 2691 643 2733 ac
665 2673 797 2734 timidos
818 2675 981 2750 apostolos

226 2783 300 2834 tuos
322 2773 406 2833 male
420 2781 591 2833 contentos
606 2782 638 2833 et
653 2772 773 2849 tristes,
796 2771 980 2833 diffidentes

227 2881 259 2931 et
289 2871 473 2931 dubitantes
504 2871 543 2930 de
574 2870 684 2930 verbis
715 2870 781 2930 tuis
811 2870 872 2930 sibi
904 2889 923 2930 a
949 2881 979 2932 te

190 2992 216 3033 25
226 2984 324 3043 saepe
352 2967 543 3043 praedictis,
572 2985 654 3044 quos
684 2968 747 3028 iam
773 2985 829 3028 ore
851 2969 978 3045 proprio

226 3065 439 3125 amicabiliter
453 3065 649 3142 alloquendo
669 3065 879 3126 ineffabiliter
893 3067 978 3127 laeti-

227 3160 344 3238 ficasti3
367 3172 399 3223 et
422 3164 529 3224 statim
553 3164 601 3223 eis
623 3164 786 3240 passionis
801 3173 875 3225 tuae
890 3164 978 3240 signa

226 3258 389 3321 evidentia
417 3271 527 3338 aperte
556 3261 589 3320 in
619 3263 770 3323 manibus
791 3261 977 3338 etpedibus

225 3356 291 3416 tuis
313 3367 345 3418 et
366 3368 478 3419 sancto
493 3359 594 3419 latere
609 3360 780 3420 ostendisti
803 3370 835 3421 et
850 3377 974 3420 omnem

187 3454 375 3515 sotimorem
398 3464 430 3515 et
448 3456 660 3516 diffidentiam
676 3457 849 3533 abstulisti,
872 3459 973 3518 favum
1048 3477 1050 3516 t

225 3551 333 3611 mellis
362 3561 393 3612 et
422 3563 545 3629 partem
574 3555 639 3615 assi
668 3556 769 3634 piscis
798 3573 906 3618 coram
929 3555 974 3618 eis
1049 3559 1050 3600 ἐ

583 3658 624 3701 m
1049 3653 1050 3672 r
