<?xml version="1.0" encoding="UTF-8"?>
<!DOCTYPE html PUBLIC "-//W3C//DTD XHTML 1.0 Transitional//EN"
    "http://www.w3.org/TR/xhtml1/DTD/xhtml1-transitional.dtd">
<html xmlns="http://www.w3.org/1999/xhtml" xml:lang="en" lang="en">
 <head>
  <title>
</title>
<meta http-equiv="Content-Type" content="text/html;charset=utf-8" />
  <meta name='ocr-system' content='tesseract 3.04.00' />
  <meta name='ocr-capabilities' content='ocr_page ocr_carea ocr_par ocr_line ocrx_word'/>
</head>
<body>
  <div class='ocr_page' id='page_1' title='image "./thomaehemerkena02pohlgoog_0369.png"; bbox 0 0 2142 4172; ppageno 0'>
   <div class='ocr_carea' id='block_1_1' title="bbox 151 589 1057 2427">
    <p class='ocr_par' dir='ltr' id='par_1_1' title="bbox 151 589 1057 2427">
     <span class='ocr_line' id='line_1_1' title="bbox 264 589 982 666; baseline -0.004 -14"><span class='ocrx_word' id='word_1_1' title='bbox 264 591 360 666; x_wconf 85' lang='lat' dir='ltr'>Veni,</span> <span class='ocrx_word' id='word_1_2' title='bbox 381 601 491 650; x_wconf 89' lang='lat' dir='ltr'>auster</span> <span class='ocrx_word' id='word_1_3' title='bbox 506 590 712 664; x_wconf 83' lang='lat' dir='ltr'>suavissime,</span> <span class='ocrx_word' id='word_1_4' title='bbox 732 589 834 666; x_wconf 90' lang='lat' dir='ltr'>perfla</span> <span class='ocrx_word' id='word_1_5' title='bbox 848 590 982 649; x_wconf 93' lang='lat' dir='ltr'>hortum</span> 
     </span>
     <span class='ocr_line' id='line_1_2' title="bbox 224 687 1057 763; baseline -0.002 -15"><span class='ocrx_word' id='word_1_6' title='bbox 224 688 332 748; x_wconf 93' lang='lat' dir='ltr'>cordis</span> <span class='ocrx_word' id='word_1_7' title='bbox 360 688 424 747; x_wconf 91' lang='lat' dir='ltr'>mei</span> <span class='ocrx_word' id='word_1_8' title='bbox 454 687 652 747; x_wconf 91' lang='lat' dir='ltr'>calidissimo</span> <span class='ocrx_word' id='word_1_9' title='bbox 681 687 801 747; x_wconf 86' lang='lat' dir='ltr'>amoris</span> <span class='ocrx_word' id='word_1_10' title='bbox 829 687 875 746; x_wconf 95' lang='lat' dir='ltr'>tui</span> <span class='ocrx_word' id='word_1_11' title='bbox 905 687 984 763; x_wconf 85' lang='lat' dir='ltr'>igne</span> <span class='ocrx_word' id='word_1_12' title='bbox 1056 689 1057 724; x_wconf 50' lang='lat' dir='ltr'>r</span> 
     </span>
     <span class='ocr_line' id='line_1_3' title="bbox 224 784 984 846; baseline -0.003 -1"><span class='ocrx_word' id='word_1_13' title='bbox 224 795 256 846; x_wconf 91' lang='lat' dir='ltr'>et</span> <span class='ocrx_word' id='word_1_14' title='bbox 278 802 408 845; x_wconf 93' lang='lat' dir='ltr'>omnem</span> <span class='ocrx_word' id='word_1_15' title='bbox 432 786 593 846; x_wconf 86' lang='lat' dir='ltr'>carnalem</span> <span class='ocrx_word' id='word_1_16' title='bbox 616 785 769 846; x_wconf 81' lang='lat' dir='ltr'>affectum</span> <span class='ocrx_word' id='word_1_17' title='bbox 796 784 828 844; x_wconf 95' lang='lat' dir='ltr'>in</span> <span class='ocrx_word' id='word_1_18' title='bbox 852 801 904 844; x_wconf 98' lang='lat' dir='ltr'>me</span> <span class='ocrx_word' id='word_1_19' title='bbox 927 800 984 843; x_wconf 88' lang='lat' dir='ltr'>ex-</span> 
     </span>
     <span class='ocr_line' id='line_1_4' title="bbox 224 882 982 959; baseline -0.001 -17"><span class='ocrx_word' id='word_1_20' title='bbox 224 883 345 959; x_wconf 86' lang='lat' dir='ltr'>tingue,</span> <span class='ocrx_word' id='word_1_21' title='bbox 367 891 402 942; x_wconf 93' lang='lat' dir='ltr'>ut</span> <span class='ocrx_word' id='word_1_22' title='bbox 424 882 524 943; x_wconf 85' lang='lat' dir='ltr'>fluant</span> <span class='ocrx_word' id='word_1_23' title='bbox 545 891 688 943; x_wconf 82' lang='lat' dir='ltr'><strong>aromata</strong></span> <span class='ocrx_word' id='word_1_24' title='bbox 708 883 882 959; x_wconf 88' lang='lat' dir='ltr'>gratiarum</span> <span class='ocrx_word' id='word_1_25' title='bbox 905 899 982 942; x_wconf 89' lang='lat' dir='ltr'>cum</span> 
     </span>
     <span class='ocr_line' id='line_1_5' title="bbox 201 978 983 1058; baseline -0.006 -16"><span class='ocrx_word' id='word_1_26' title='bbox 201 980 328 1042; x_wconf 83' lang='lat' dir='ltr'>simbre</span> <span class='ocrx_word' id='word_1_27' title='bbox 339 980 545 1040; x_wconf 87' lang='lat' dir='ltr'>lacrimarum</span> <span class='ocrx_word' id='word_1_28' title='bbox 555 998 595 1042; x_wconf 88' lang='lat' dir='ltr'>ex</span> <span class='ocrx_word' id='word_1_29' title='bbox 605 978 983 1058; x_wconf 88' lang='lat' dir='ltr'>magnacompu-nctione</span> 
     </span>
     <span class='ocr_line' id='line_1_6' title="bbox 224 1077 1057 1154; baseline -0.002 -16"><span class='ocrx_word' id='word_1_30' title='bbox 224 1087 431 1154; x_wconf 90' lang='lat' dir='ltr'>peccatorum</span> <span class='ocrx_word' id='word_1_31' title='bbox 461 1095 609 1138; x_wconf 90' lang='lat' dir='ltr'>meorum</span> <span class='ocrx_word' id='word_1_32' title='bbox 644 1089 676 1138; x_wconf 90' lang='lat' dir='ltr'>et</span> <span class='ocrx_word' id='word_1_33' title='bbox 708 1095 781 1138; x_wconf 92' lang='lat' dir='ltr'>cum</span> <span class='ocrx_word' id='word_1_34' title='bbox 813 1077 899 1138; x_wconf 86' lang='lat' dir='ltr'>dulci</span> <span class='ocrx_word' id='word_1_35' title='bbox 933 1093 983 1136; x_wconf 90' lang='lat' dir='ltr'>re·</span> <span class='ocrx_word' id='word_1_36' title='bbox 1056 1101 1057 1106; x_wconf 43' lang='lat'>¹</span> 
     </span>
     <span class='ocr_line' id='line_1_7' title="bbox 225 1175 982 1237; baseline -0.001 -2"><span class='ocrx_word' id='word_1_37' title='bbox 225 1175 411 1237; x_wconf 86' lang='lat' dir='ltr'>cordatione</span> <span class='ocrx_word' id='word_1_38' title='bbox 427 1175 573 1236; x_wconf 94' lang='lat' dir='ltr'>omnium</span> <span class='ocrx_word' id='word_1_39' title='bbox 589 1175 823 1236; x_wconf 83' lang='lat' dir='ltr'>beneficiorum</span> <span class='ocrx_word' id='word_1_40' title='bbox 840 1185 982 1236; x_wconf 91' lang='lat' dir='ltr'>tuorum.</span> 
     </span>
     <span class='ocr_line' id='line_1_8' title="bbox 225 1273 982 1351; baseline -0.003 -16"><span class='ocrx_word' id='word_1_41' title='bbox 225 1276 326 1351; x_wconf 86' lang='lat' dir='ltr'>Veni,</span> <span class='ocrx_word' id='word_1_42' title='bbox 348 1274 533 1335; x_wconf 86' lang='lat' dir='ltr'><strong>consolator</strong></span> <span class='ocrx_word' id='word_1_43' title='bbox 554 1273 692 1350; x_wconf 84' lang='lat' dir='ltr'>optime,</span> <span class='ocrx_word' id='word_1_44' title='bbox 714 1284 746 1334; x_wconf 95' lang='lat' dir='ltr'>et</span> <span class='ocrx_word' id='word_1_45' title='bbox 768 1273 808 1334; x_wconf 93' lang='lat' dir='ltr'>de</span> <span class='ocrx_word' id='word_1_46' title='bbox 829 1274 982 1334; x_wconf 90' lang='lat' dir='ltr'>barathro</span> 
     </span>
     <span class='ocr_line' id='line_1_9' title="bbox 224 1371 982 1448; baseline -0.001 -16"><span class='ocrx_word' id='word_1_47' title='bbox 224 1373 402 1432; x_wconf 87' lang='lat' dir='ltr'>nebulosae</span> <span class='ocrx_word' id='word_1_48' title='bbox 431 1371 580 1432; x_wconf 88' lang='lat' dir='ltr'>tristitiae</span> <span class='ocrx_word' id='word_1_49' title='bbox 607 1371 696 1448; x_wconf 87' lang='lat' dir='ltr'>erige</span> <span class='ocrx_word' id='word_1_50' title='bbox 724 1389 777 1432; x_wconf 89' lang='lat' dir='ltr'>me</span> <span class='ocrx_word' id='word_1_51' title='bbox 806 1372 982 1447; x_wconf 88' lang='lat' dir='ltr'>splendore</span> 
     </span>
     <span class='ocr_line' id='line_1_10' title="bbox 191 1469 982 1546; baseline -0.006 -13"><span class='ocrx_word' id='word_1_52' title='bbox 191 1493 215 1534; x_wconf 83' lang='lat' dir='ltr'>ro</span> <span class='ocrx_word' id='word_1_53' title='bbox 225 1470 371 1530; x_wconf 92' lang='lat' dir='ltr'>internae</span> <span class='ocrx_word' id='word_1_54' title='bbox 383 1469 523 1530; x_wconf 88' lang='lat' dir='ltr'>laetitiae</span> <span class='ocrx_word' id='word_1_55' title='bbox 539 1486 612 1528; x_wconf 93' lang='lat' dir='ltr'>cum</span> <span class='ocrx_word' id='word_1_56' title='bbox 624 1486 682 1545; x_wconf 90' lang='lat' dir='ltr'>spe</span> <span class='ocrx_word' id='word_1_57' title='bbox 694 1478 845 1530; x_wconf 87' lang='lat' dir='ltr'>aeternae</span> <span class='ocrx_word' id='word_1_58' title='bbox 861 1469 982 1546; x_wconf 87' lang='lat' dir='ltr'>quietis</span> 
     </span>
     <span class='ocr_line' id='line_1_11' title="bbox 151 1565 982 1644; baseline -0.004 -16"><span class='ocrx_word' id='word_1_59' title='bbox 151 1595 152 1599; x_wconf 39' lang='lat'>¹</span> <span class='ocrx_word' id='word_1_60' title='bbox 224 1585 282 1644; x_wconf 91' lang='lat' dir='ltr'>pro</span> <span class='ocrx_word' id='word_1_61' title='bbox 297 1584 397 1644; x_wconf 94' lang='lat' dir='ltr'>parvo</span> <span class='ocrx_word' id='word_1_62' title='bbox 412 1569 532 1628; x_wconf 90' lang='lat' dir='ltr'>labore.</span> <span class='ocrx_word' id='word_1_63' title='bbox 563 1566 687 1628; x_wconf 93' lang='lat' dir='ltr'>Contra</span> <span class='ocrx_word' id='word_1_64' title='bbox 702 1566 844 1627; x_wconf 90' lang='lat' dir='ltr'>taedium</span> <span class='ocrx_word' id='word_1_65' title='bbox 860 1565 982 1627; x_wconf 91' lang='lat' dir='ltr'>mentis</span> 
     </span>
     <span class='ocr_line' id='line_1_12' title="bbox 225 1663 983 1741; baseline -0.004 -15"><span class='ocrx_word' id='word_1_66' title='bbox 225 1665 381 1726; x_wconf 86' lang='lat' dir='ltr'>coniirma</span> <span class='ocrx_word' id='word_1_67' title='bbox 411 1683 464 1725; x_wconf 91' lang='lat' dir='ltr'>me</span> <span class='ocrx_word' id='word_1_68' title='bbox 493 1664 603 1725; x_wconf 90' lang='lat' dir='ltr'>verbis</span> <span class='ocrx_word' id='word_1_69' title='bbox 631 1665 696 1725; x_wconf 91' lang='lat' dir='ltr'>tuis</span> <span class='ocrx_word' id='word_1_70' title='bbox 724 1664 758 1725; x_wconf 94' lang='lat' dir='ltr'>in</span> <span class='ocrx_word' id='word_1_71' title='bbox 787 1663 921 1741; x_wconf 90' lang='lat' dir='ltr'>hymnis</span> <span class='ocrx_word' id='word_1_72' title='bbox 951 1673 983 1723; x_wconf 90' lang='lat' dir='ltr'>et</span> 
     </span>
     <span class='ocr_line' id='line_1_13' title="bbox 225 1761 983 1840; baseline -0.004 -17"><span class='ocrx_word' id='word_1_73' title='bbox 225 1763 368 1840; x_wconf 92' lang='lat' dir='ltr'>psalmis.</span> <span class='ocrx_word' id='word_1_74' title='bbox 379 1834 382 1840; x_wconf 26' lang='lat'>¹</span> <span class='ocrx_word' id='word_1_75' title='bbox 394 1762 519 1824; x_wconf 88' lang='lat' dir='ltr'>Contra</span> <span class='ocrx_word' id='word_1_76' title='bbox 533 1771 656 1822; x_wconf 94' lang='lat' dir='ltr'>motum</span> <span class='ocrx_word' id='word_1_77' title='bbox 673 1762 740 1822; x_wconf 89' lang='lat' dir='ltr'>irae</span> <span class='ocrx_word' id='word_1_78' title='bbox 751 1771 880 1839; x_wconf 90' lang='lat' dir='ltr'>praesta</span> <span class='ocrx_word' id='word_1_79' title='bbox 890 1761 983 1836; x_wconf 93' lang='lat' dir='ltr'>mihi,</span> 
     </span>
     <span class='ocr_line' id='line_1_14' title="bbox 227 1861 1057 1938; baseline -0.005 -16"><span class='ocrx_word' id='word_1_80' title='bbox 227 1863 327 1936; x_wconf 90' lang='lat' dir='ltr'>Deus,</span> <span class='ocrx_word' id='word_1_81' title='bbox 342 1872 471 1921; x_wconf 91' lang='lat' dir='ltr'>scutum</span> <span class='ocrx_word' id='word_1_82' title='bbox 482 1861 666 1938; x_wconf 87' lang='lat' dir='ltr'>patientiae.</span> <span class='ocrx_word' id='word_1_83' title='bbox 685 1862 809 1924; x_wconf 92' lang='lat' dir='ltr'>Contra</span> <span class='ocrx_word' id='word_1_84' title='bbox 818 1870 982 1920; x_wconf 88' lang='lat' dir='ltr'>tumorem</span> <span class='ocrx_word' id='word_1_85' title='bbox 1056 1871 1057 1892; x_wconf 71' lang='lat'>¹</span> 
     </span>
     <span class='ocr_line' id='line_1_15' title="bbox 191 1958 984 2035; baseline 0.005 -21"><span class='ocrx_word' id='word_1_86' title='bbox 191 1975 216 2015; x_wconf 87' lang='lat'>15</span> <span class='ocrx_word' id='word_1_87' title='bbox 225 1958 397 2035; x_wconf 92' lang='lat' dir='ltr'>superbiae</span> <span class='ocrx_word' id='word_1_88' title='bbox 426 1959 536 2019; x_wconf 92' lang='lat' dir='ltr'>incute</span> <span class='ocrx_word' id='word_1_89' title='bbox 565 1959 644 2020; x_wconf 94' lang='lat' dir='ltr'>mihi</span> <span class='ocrx_word' id='word_1_90' title='bbox 668 1970 790 2021; x_wconf 90' lang='lat' dir='ltr'>metum</span> <span class='ocrx_word' id='word_1_91' title='bbox 813 1959 928 2019; x_wconf 90' lang='lat' dir='ltr'>mortis</span> <span class='ocrx_word' id='word_1_92' title='bbox 951 1969 984 2018; x_wconf 94' lang='lat' dir='ltr'>et</span> 
     </span>
     <span class='ocr_line' id='line_1_16' title="bbox 226 2056 984 2134; baseline 0.001 -18"><span class='ocrx_word' id='word_1_93' title='bbox 226 2066 376 2116; x_wconf 89' lang='lat' dir='ltr'>aeternae</span> <span class='ocrx_word' id='word_1_94' title='bbox 405 2057 584 2132; x_wconf 86' lang='lat' dir='ltr'>gehennae.</span> <span class='ocrx_word' id='word_1_95' title='bbox 627 2057 712 2134; x_wconf 88' lang='lat' dir='ltr'>Quis</span> <span class='ocrx_word' id='word_1_96' title='bbox 741 2057 828 2118; x_wconf 92' lang='lat' dir='ltr'>enim</span> <span class='ocrx_word' id='word_1_97' title='bbox 854 2074 919 2117; x_wconf 94' lang='lat' dir='ltr'>non</span> <span class='ocrx_word' id='word_1_98' title='bbox 945 2056 984 2117; x_wconf 93' lang='lat' dir='ltr'>ti-</span> 
     </span>
     <span class='ocr_line' id='line_1_17' title="bbox 226 2153 981 2232; baseline 0.001 -19"><span class='ocrx_word' id='word_1_99' title='bbox 226 2154 326 2214; x_wconf 89' lang='lat' dir='ltr'>mebit</span> <span class='ocrx_word' id='word_1_100' title='bbox 355 2162 547 2230; x_wconf 86' lang='lat' dir='ltr'>potestatem</span> <span class='ocrx_word' id='word_1_101' title='bbox 578 2153 646 2214; x_wconf 87' lang='lat' dir='ltr'>irae</span> <span class='ocrx_word' id='word_1_102' title='bbox 677 2165 751 2215; x_wconf 88' lang='lat' dir='ltr'>tuae</span> <span class='ocrx_word' id='word_1_103' title='bbox 780 2166 812 2216; x_wconf 91' lang='lat' dir='ltr'>et</span> <span class='ocrx_word' id='word_1_104' title='bbox 842 2172 981 2232; x_wconf 91' lang='lat' dir='ltr'>poenam</span> 
     </span>
     <span class='ocr_line' id='line_1_18' title="bbox 226 2251 984 2330; baseline 0.003 -19"><span class='ocrx_word' id='word_1_105' title='bbox 226 2251 298 2311; x_wconf 88' lang='lat' dir='ltr'>sine</span> <span class='ocrx_word' id='word_1_106' title='bbox 330 2251 422 2312; x_wconf 78' lang='lat' dir='ltr'>fine?</span> <span class='ocrx_word' id='word_1_107' title='bbox 473 2251 597 2313; x_wconf 89' lang='lat' dir='ltr'>Contra</span> <span class='ocrx_word' id='word_1_108' title='bbox 626 2269 742 2313; x_wconf 90' lang='lat' dir='ltr'>vanam</span> <span class='ocrx_word' id='word_1_109' title='bbox 777 2253 913 2330; x_wconf 84' lang='lat' dir='ltr'>gloriam</span> <span class='ocrx_word' id='word_1_110' title='bbox 951 2263 984 2313; x_wconf 90' lang='lat' dir='ltr'>et</span> 
     </span>
     <span class='ocr_line' id='line_1_19' title="bbox 226 2348 983 2427; baseline 0.004 -19"><span class='ocrx_word' id='word_1_111' title='bbox 226 2349 409 2408; x_wconf 86' lang='lat' dir='ltr'>iactantiam</span> <span class='ocrx_word' id='word_1_112' title='bbox 447 2348 496 2408; x_wconf 88' lang='lat' dir='ltr'>iac</span> <span class='ocrx_word' id='word_1_113' title='bbox 532 2366 585 2409; x_wconf 94' lang='lat' dir='ltr'>me</span> <span class='ocrx_word' id='word_1_114' title='bbox 620 2351 787 2411; x_wconf 90' lang='lat' dir='ltr'>attendere</span> <span class='ocrx_word' id='word_1_115' title='bbox 818 2351 983 2427; x_wconf 88' lang='lat' dir='ltr'>propriam</span> 
     </span>
    </p>
   </div>
   <div class='ocr_carea' id='block_1_2' title="bbox 189 2446 1057 2510">
    <p class='ocr_par' dir='ltr' id='par_1_2' title="bbox 189 2446 1057 2510">
     <span class='ocr_line' id='line_1_20' title="bbox 189 2446 1057 2510; baseline 0.003 -4"><span class='ocrx_word' id='word_1_116' title='bbox 189 2446 445 2506; x_wconf 81' lang='lat' dir='ltr'>aoiniirmitatem</span> <span class='ocrx_word' id='word_1_117' title='bbox 469 2456 501 2507; x_wconf 91' lang='lat' dir='ltr'>et</span> <span class='ocrx_word' id='word_1_118' title='bbox 522 2446 658 2507; x_wconf 94' lang='lat' dir='ltr'>aliorum</span> <span class='ocrx_word' id='word_1_119' title='bbox 679 2448 825 2509; x_wconf 91' lang='lat' dir='ltr'>virtutes.</span> <span class='ocrx_word' id='word_1_120' title='bbox 858 2448 985 2510; x_wconf 88' lang='lat' dir='ltr'>Contra</span> <span class='ocrx_word' id='word_1_121' title='bbox 1056 2493 1057 2496; x_wconf 63' lang='lat'>,</span> 
     </span>
    </p>
   </div>
   <div class='ocr_carea' id='block_1_3' title="bbox 167 2545 985 3500">
    <p class='ocr_par' dir='ltr' id='par_1_3' title="bbox 167 2545 985 2916">
     <span class='ocr_line' id='line_1_21' title="bbox 167 2545 985 2606; baseline 0.004 -3"><span class='ocrx_word' id='word_1_122' title='bbox 167 2547 171 2554; x_wconf 94' lang='lat'>&#39;</span> <span class='ocrx_word' id='word_1_123' title='bbox 226 2545 390 2605; x_wconf 87' lang='lat' dir='ltr'>levitatem</span> <span class='ocrx_word' id='word_1_124' title='bbox 411 2546 585 2605; x_wconf 91' lang='lat' dir='ltr'>verborum</span> <span class='ocrx_word' id='word_1_125' title='bbox 608 2545 688 2606; x_wconf 90' lang='lat' dir='ltr'>doce</span> <span class='ocrx_word' id='word_1_126' title='bbox 710 2563 763 2606; x_wconf 92' lang='lat' dir='ltr'>me</span> <span class='ocrx_word' id='word_1_127' title='bbox 785 2563 918 2606; x_wconf 90' lang='lat' dir='ltr'>servare</span> <span class='ocrx_word' id='word_1_128' title='bbox 941 2546 985 2606; x_wconf 91' lang='lat' dir='ltr'>si-</span> 
     </span>
     <span class='ocr_line' id='line_1_22' title="bbox 227 2641 984 2721; baseline 0.005 -20"><span class='ocrx_word' id='word_1_129' title='bbox 227 2642 372 2702; x_wconf 86' lang='lat' dir='ltr'>lentium.</span> <span class='ocrx_word' id='word_1_130' title='bbox 415 2641 540 2703; x_wconf 88' lang='lat' dir='ltr'>Contra</span> <span class='ocrx_word' id='word_1_131' title='bbox 567 2643 762 2705; x_wconf 92' lang='lat' dir='ltr'>dissolutum</span> <span class='ocrx_word' id='word_1_132' title='bbox 785 2644 887 2706; x_wconf 90' lang='lat' dir='ltr'>risum</span> <span class='ocrx_word' id='word_1_133' title='bbox 910 2663 984 2721; x_wconf 94' lang='lat' dir='ltr'>pro·</span> 
     </span>
     <span class='ocr_line' id='line_1_23' title="bbox 226 2739 984 2820; baseline 0.007 -22"><span class='ocrx_word' id='word_1_134' title='bbox 226 2739 288 2799; x_wconf 93' lang='lat' dir='ltr'>duc</span> <span class='ocrx_word' id='word_1_135' title='bbox 311 2740 349 2799; x_wconf 89' lang='lat' dir='ltr'>ab</span> <span class='ocrx_word' id='word_1_136' title='bbox 372 2740 476 2800; x_wconf 92' lang='lat' dir='ltr'>oculis</span> <span class='ocrx_word' id='word_1_137' title='bbox 503 2740 587 2800; x_wconf 91' lang='lat' dir='ltr'>meis</span> <span class='ocrx_word' id='word_1_138' title='bbox 616 2759 690 2802; x_wconf 93' lang='lat' dir='ltr'>cum</span> <span class='ocrx_word' id='word_1_139' title='bbox 715 2742 836 2820; x_wconf 86' lang='lat' dir='ltr'>gemitu</span> <span class='ocrx_word' id='word_1_140' title='bbox 860 2743 984 2804; x_wconf 86' lang='lat' dir='ltr'>fletum.</span> 
     </span>
     <span class='ocr_line' id='line_1_24' title="bbox 227 2836 985 2916; baseline 0.005 -20"><span class='ocrx_word' id='word_1_141' title='bbox 227 2836 349 2897; x_wconf 84' lang='lat' dir='ltr'>Melius</span> <span class='ocrx_word' id='word_1_142' title='bbox 378 2847 428 2897; x_wconf 92' lang='lat' dir='ltr'>est</span> <span class='ocrx_word' id='word_1_143' title='bbox 449 2836 537 2896; x_wconf 91' lang='lat' dir='ltr'>enim</span> <span class='ocrx_word' id='word_1_144' title='bbox 562 2837 679 2898; x_wconf 91' lang='lat' dir='ltr'>acriter</span> <span class='ocrx_word' id='word_1_145' title='bbox 708 2838 786 2899; x_wconf 87' lang='lat' dir='ltr'>flere</span> <span class='ocrx_word' id='word_1_146' title='bbox 815 2857 912 2916; x_wconf 88' lang='lat' dir='ltr'>quam</span> <span class='ocrx_word' id='word_1_147' title='bbox 935 2840 985 2899; x_wconf 94' lang='lat' dir='ltr'>in·</span> 
     </span>
    </p>

    <p class='ocr_par' dir='ltr' id='par_1_4' title="bbox 190 2933 985 3403">
     <span class='ocr_line' id='line_1_25' title="bbox 190 2933 983 3013; baseline 0.003 -19"><span class='ocrx_word' id='word_1_148' title='bbox 190 2954 217 2994; x_wconf 87' lang='lat'>25</span> <span class='ocrx_word' id='word_1_149' title='bbox 227 2934 331 2996; x_wconf 89' lang='lat' dir='ltr'>aniter</span> <span class='ocrx_word' id='word_1_150' title='bbox 346 2934 462 2994; x_wconf 91' lang='lat' dir='ltr'>ridere.</span> <span class='ocrx_word' id='word_1_151' title='bbox 492 2933 616 2994; x_wconf 91' lang='lat' dir='ltr'>Contra</span> <span class='ocrx_word' id='word_1_152' title='bbox 635 2935 801 2996; x_wconf 89' lang='lat' dir='ltr'>curiosum</span> <span class='ocrx_word' id='word_1_153' title='bbox 817 2947 850 2996; x_wconf 91' lang='lat' dir='ltr'>et</span> <span class='ocrx_word' id='word_1_154' title='bbox 864 2954 983 3013; x_wconf 87' lang='lat' dir='ltr'>vagum</span> 
     </span>
     <span class='ocr_line' id='line_1_26' title="bbox 226 3034 984 3111; baseline 0 -17"><span class='ocrx_word' id='word_1_155' title='bbox 226 3034 333 3094; x_wconf 90' lang='lat' dir='ltr'>visum</span> <span class='ocrx_word' id='word_1_156' title='bbox 349 3050 495 3110; x_wconf 91' lang='lat' dir='ltr'>propone</span> <span class='ocrx_word' id='word_1_157' title='bbox 510 3034 590 3093; x_wconf 93' lang='lat' dir='ltr'>mihi</span> <span class='ocrx_word' id='word_1_158' title='bbox 607 3035 715 3094; x_wconf 93' lang='lat' dir='ltr'>Iesum</span> <span class='ocrx_word' id='word_1_159' title='bbox 731 3052 790 3111; x_wconf 96' lang='lat' dir='ltr'>pro</span> <span class='ocrx_word' id='word_1_160' title='bbox 805 3051 858 3095; x_wconf 92' lang='lat' dir='ltr'>me</span> <span class='ocrx_word' id='word_1_161' title='bbox 878 3034 984 3096; x_wconf 89' lang='lat' dir='ltr'>cruci-</span> 
     </span>
     <span class='ocr_line' id='line_1_27' title="bbox 228 3130 983 3193; baseline 0.003 -3"><span class='ocrx_word' id='word_1_162' title='bbox 228 3130 336 3191; x_wconf 87' lang='lat' dir='ltr'>fixum.</span> <span class='ocrx_word' id='word_1_163' title='bbox 366 3131 490 3193; x_wconf 92' lang='lat' dir='ltr'>Contra</span> <span class='ocrx_word' id='word_1_164' title='bbox 512 3139 660 3190; x_wconf 91' lang='lat' dir='ltr'>omatum</span> <span class='ocrx_word' id='word_1_165' title='bbox 682 3132 822 3192; x_wconf 91' lang='lat' dir='ltr'>vestium</span> <span class='ocrx_word' id='word_1_166' title='bbox 844 3132 983 3192; x_wconf 89' lang='lat' dir='ltr'>ostende</span> 
     </span>
     <span class='ocr_line' id='line_1_28' title="bbox 226 3228 985 3305; baseline 0.003 -17"><span class='ocrx_word' id='word_1_167' title='bbox 226 3228 306 3288; x_wconf 92' lang='lat' dir='ltr'>mihi</span> <span class='ocrx_word' id='word_1_168' title='bbox 328 3229 533 3305; x_wconf 88' lang='lat' dir='ltr'>putredinem</span> <span class='ocrx_word' id='word_1_169' title='bbox 556 3229 820 3290; x_wconf 87' lang='lat' dir='ltr'>vermiculorum.</span> <span class='ocrx_word' id='word_1_170' title='bbox 858 3229 985 3291; x_wconf 92' lang='lat' dir='ltr'>Contra</span> 
     </span>
     <span class='ocr_line' id='line_1_29' title="bbox 227 3325 985 3403; baseline 0.005 -19"><span class='ocrx_word' id='word_1_171' title='bbox 227 3325 334 3385; x_wconf 92' lang='lat' dir='ltr'>carnis</span> <span class='ocrx_word' id='word_1_172' title='bbox 365 3325 541 3401; x_wconf 91' lang='lat' dir='ltr'>appetitum</span> <span class='ocrx_word' id='word_1_173' title='bbox 577 3327 665 3403; x_wconf 89' lang='lat' dir='ltr'>aperi</span> <span class='ocrx_word' id='word_1_174' title='bbox 697 3327 776 3387; x_wconf 94' lang='lat' dir='ltr'>mihi</span> <span class='ocrx_word' id='word_1_175' title='bbox 808 3328 985 3403; x_wconf 91' lang='lat' dir='ltr'>sepulchra</span> 
     </span>
    </p>

    <p class='ocr_par' dir='ltr' id='par_1_5' title="bbox 189 3423 985 3500">
     <span class='ocr_line' id='line_1_30' title="bbox 189 3423 985 3500; baseline 0.001 -16"><span class='ocrx_word' id='word_1_176' title='bbox 189 3432 439 3484; x_wconf 81' lang='lat' dir='ltr'>somortuorum.</span> <span class='ocrx_word' id='word_1_177' title='bbox 483 3423 606 3484; x_wconf 91' lang='lat' dir='ltr'>Contra</span> <span class='ocrx_word' id='word_1_178' title='bbox 631 3424 698 3484; x_wconf 93' lang='lat' dir='ltr'>vini</span> <span class='ocrx_word' id='word_1_179' title='bbox 727 3424 880 3500; x_wconf 92' lang='lat' dir='ltr'>poculum</span> <span class='ocrx_word' id='word_1_180' title='bbox 911 3441 985 3500; x_wconf 94' lang='lat' dir='ltr'>pro·</span> 
     </span>
    </p>
   </div>
   <div class='ocr_carea' id='block_1_4' title="bbox 227 3518 985 3668">
    <p class='ocr_par' dir='ltr' id='par_1_6' title="bbox 227 3518 985 3668">
     <span class='ocr_line' id='line_1_31' title="bbox 227 3518 985 3593; baseline 0.008 -16"><span class='ocrx_word' id='word_1_181' title='bbox 227 3519 303 3593; x_wconf 96' lang='lat' dir='ltr'>pina</span> <span class='ocrx_word' id='word_1_182' title='bbox 324 3518 404 3578; x_wconf 87' lang='lat' dir='ltr'>milri</span> <span class='ocrx_word' id='word_1_183' title='bbox 428 3520 471 3579; x_wconf 84' lang='lat' dir='ltr'>iel</span> <span class='ocrx_word' id='word_1_184' title='bbox 489 3519 614 3580; x_wconf 90' lang='lat' dir='ltr'>Christi</span> <span class='ocrx_word' id='word_1_185' title='bbox 637 3531 669 3580; x_wconf 94' lang='lat' dir='ltr'>et</span> <span class='ocrx_word' id='word_1_186' title='bbox 691 3531 827 3581; x_wconf 89' lang='lat' dir='ltr'>acetum.</span> <span class='ocrx_word' id='word_1_187' title='bbox 858 3521 985 3583; x_wconf 91' lang='lat' dir='ltr'>Contra</span> 
     </span>
     <span class='ocr_line' id='line_1_32' title="bbox 585 3626 626 3668; baseline 0 0"><span class='ocrx_word' id='word_1_188' title='bbox 585 3626 626 3668; x_wconf 79' lang='lat' dir='ltr'>aso</span> 
     </span>
    </p>
   </div>
   <div class='ocr_carea' id='block_1_5' title="bbox 0 0 1079 4172">
    <p class='ocr_par' dir='ltr' id='par_1_7' title="bbox 0 0 1079 4172">
     <span class='ocr_line' id='line_1_33' title="bbox 0 0 1079 4172; baseline 0 0"><span class='ocrx_word' id='word_1_189' title='bbox 0 0 1079 4172; x_wconf 95' lang='lat' dir='ltr'> </span> 
     </span>
    </p>
   </div>
  </div>
 </body>
</html>
