<?xml version="1.0" encoding="UTF-8"?>
<!DOCTYPE html PUBLIC "-//W3C//DTD XHTML 1.0 Transitional//EN"
    "http://www.w3.org/TR/xhtml1/DTD/xhtml1-transitional.dtd">
<html xmlns="http://www.w3.org/1999/xhtml" xml:lang="en" lang="en">
 <head>
  <title>
</title>
<meta http-equiv="Content-Type" content="text/html;charset=utf-8" />
  <meta name='ocr-system' content='tesseract 3.04.00' />
  <meta name='ocr-capabilities' content='ocr_page ocr_carea ocr_par ocr_line ocrx_word'/>
</head>
<body>
  <div class='ocr_page' id='page_1' title='image "./thomaehemerkena02pohlgoog_0249.png"; bbox 0 0 2194 4180; ppageno 0'>
   <div class='ocr_carea' id='block_1_1' title="bbox 481 383 984 498">
    <p class='ocr_par' dir='ltr' id='par_1_1' title="bbox 481 383 984 498">
     <span class='ocr_line' id='line_1_1' title="bbox 481 383 984 498; baseline -0.002 -14"><span class='ocrx_word' id='word_1_1' title='bbox 481 412 503 451; x_wconf 53' lang='lat' dir='ltr'>&#39;s&#39;</span> <span class='ocrx_word' id='word_1_2' title='bbox 543 410 545 415; x_wconf 39' lang='lat'>⁵</span> <span class='ocrx_word' id='word_1_3' title='bbox 569 442 598 494; x_wconf 88' lang='lat'>11,</span> <span class='ocrx_word' id='word_1_4' title='bbox 610 443 629 495; x_wconf 91' lang='lat'>1,</span> <span class='ocrx_word' id='word_1_5' title='bbox 639 443 660 486; x_wconf 87' lang='lat'>2.</span> <span class='ocrx_word' id='word_1_6' title='bbox 674 383 984 498; x_wconf 49' lang='lat' dir='ltr'><strong><em>w</em></strong></span> 
     </span>
    </p>
   </div>
   <div class='ocr_carea' id='block_1_2' title="bbox 204 574 995 2116">
    <p class='ocr_par' dir='ltr' id='par_1_2' title="bbox 238 574 994 944">
     <span class='ocr_line' id='line_1_2' title="bbox 278 574 994 652; baseline 0 -16"><span class='ocrx_word' id='word_1_7' title='bbox 278 574 307 636; x_wconf 95' lang='lat' dir='ltr'>O</span> <span class='ocrx_word' id='word_1_8' title='bbox 331 585 462 636; x_wconf 86' lang='lat' dir='ltr'>sanctae</span> <span class='ocrx_word' id='word_1_9' title='bbox 485 575 651 650; x_wconf 88' lang='lat' dir='ltr'>mulieres,</span> <span class='ocrx_word' id='word_1_10' title='bbox 680 593 764 652; x_wconf 90' lang='lat' dir='ltr'>quae</span> <span class='ocrx_word' id='word_1_11' title='bbox 786 578 887 636; x_wconf 90' lang='lat' dir='ltr'>multa</span> <span class='ocrx_word' id='word_1_12' title='bbox 908 576 994 636; x_wconf 92' lang='lat' dir='ltr'>bona</span> 
     </span>
     <span class='ocr_line' id='line_1_3' title="bbox 238 671 993 749; baseline 0.003 -18"><span class='ocrx_word' id='word_1_13' title='bbox 238 671 278 731; x_wconf 90' lang='lat' dir='ltr'>de</span> <span class='ocrx_word' id='word_1_14' title='bbox 296 672 369 732; x_wconf 93' lang='lat' dir='ltr'>lesu</span> <span class='ocrx_word' id='word_1_15' title='bbox 385 672 534 749; x_wconf 86' lang='lat' dir='ltr'>audistis,</span> <span class='ocrx_word' id='word_1_16' title='bbox 555 673 583 733; x_wconf 95' lang='lat' dir='ltr'>si</span> <span class='ocrx_word' id='word_1_17' title='bbox 599 673 779 734; x_wconf 90' lang='lat' dir='ltr'>occurrerit</span> <span class='ocrx_word' id='word_1_18' title='bbox 793 673 887 734; x_wconf 89' lang='lat' dir='ltr'>vobis</span> <span class='ocrx_word' id='word_1_19' title='bbox 899 674 993 734; x_wconf 91' lang='lat' dir='ltr'>lesus</span> 
     </span>
     <span class='ocr_line' id='line_1_4' title="bbox 238 769 993 847; baseline 0.003 -18"><span class='ocrx_word' id='word_1_20' title='bbox 238 770 271 830; x_wconf 92' lang='lat' dir='ltr'>in</span> <span class='ocrx_word' id='word_1_21' title='bbox 294 769 346 830; x_wconf 89' lang='lat' dir='ltr'>via</span> <span class='ocrx_word' id='word_1_22' title='bbox 367 779 399 830; x_wconf 92' lang='lat' dir='ltr'>et</span> <span class='ocrx_word' id='word_1_23' title='bbox 414 769 547 830; x_wconf 87' lang='lat' dir='ltr'>dixerit:</span> <span class='ocrx_word' id='word_1_24' title='bbox 570 769 675 832; x_wconf 70' lang='lat' dir='ltr'>livete</span> <span class='ocrx_word' id='word_1_25' title='bbox 690 787 832 847; x_wconf 91' lang='lat' dir='ltr'>sorores,</span> <span class='ocrx_word' id='word_1_26' title='bbox 853 771 993 831; x_wconf 91' lang='lat' dir='ltr'>teneatis</span> 
     </span>
     <span class='ocr_line' id='line_1_5' title="bbox 239 867 992 944; baseline 0.001 -16"><span class='ocrx_word' id='word_1_27' title='bbox 239 867 375 928; x_wconf 90' lang='lat' dir='ltr'>lirmiter</span> <span class='ocrx_word' id='word_1_28' title='bbox 395 868 497 944; x_wconf 93' lang='lat' dir='ltr'>pedes</span> <span class='ocrx_word' id='word_1_29' title='bbox 512 868 584 930; x_wconf 92' lang='lat' dir='ltr'>eius</span> <span class='ocrx_word' id='word_1_30' title='bbox 600 877 632 928; x_wconf 91' lang='lat' dir='ltr'>et</span> <span class='ocrx_word' id='word_1_31' title='bbox 646 886 712 928; x_wconf 95' lang='lat' dir='ltr'>non</span> <span class='ocrx_word' id='word_1_32' title='bbox 728 868 896 929; x_wconf 84' lang='lat' dir='ltr'>dimittatis</span> <span class='ocrx_word' id='word_1_33' title='bbox 916 886 992 929; x_wconf 91' lang='lat' dir='ltr'>eurn</span> 
     </span>
    </p>

    <p class='ocr_par' dir='ltr' id='par_1_3' title="bbox 215 965 995 1433">
     <span class='ocr_line' id='line_1_6' title="bbox 215 965 995 1042; baseline 0.003 -18"><span class='ocrx_word' id='word_1_34' title='bbox 215 965 404 1042; x_wconf 87' lang='lat' dir='ltr'>srccedere,</span> <span class='ocrx_word' id='word_1_35' title='bbox 426 967 531 1027; x_wconf 91' lang='lat' dir='ltr'>donec</span> <span class='ocrx_word' id='word_1_36' title='bbox 552 965 756 1027; x_wconf 82' lang='lat' dir='ltr'>benedixerit</span> <span class='ocrx_word' id='word_1_37' title='bbox 783 966 886 1027; x_wconf 92' lang='lat' dir='ltr'>vobis.</span> <span class='ocrx_word' id='word_1_38' title='bbox 929 965 995 1027; x_wconf 78' lang='lat' dir='ltr'>Ad·</span> 
     </span>
     <span class='ocr_line' id='line_1_7' title="bbox 239 1063 992 1141; baseline 0.001 -18"><span class='ocrx_word' id='word_1_39' title='bbox 239 1073 327 1123; x_wconf 91' lang='lat' dir='ltr'>orate</span> <span class='ocrx_word' id='word_1_40' title='bbox 350 1080 425 1123; x_wconf 89' lang='lat' dir='ltr'>eum</span> <span class='ocrx_word' id='word_1_41' title='bbox 455 1064 549 1124; x_wconf 90' lang='lat' dir='ltr'>llexis</span> <span class='ocrx_word' id='word_1_42' title='bbox 577 1063 716 1141; x_wconf 84' lang='lat' dir='ltr'>genibus</span> <span class='ocrx_word' id='word_1_43' title='bbox 745 1081 845 1140; x_wconf 92' lang='lat' dir='ltr'>super</span> <span class='ocrx_word' id='word_1_44' title='bbox 872 1073 992 1124; x_wconf 91' lang='lat' dir='ltr'>terram</span> 
     </span>
     <span class='ocr_line' id='line_1_8' title="bbox 238 1133 994 1237; baseline 0.001 -17"><span class='ocrx_word' id='word_1_45' title='bbox 238 1170 270 1221; x_wconf 93' lang='lat' dir='ltr'>et</span> <span class='ocrx_word' id='word_1_46' title='bbox 292 1133 429 1222; x_wconf 78' lang='lat' dir='ltr'>saiutate</span> <span class='ocrx_word' id='word_1_47' title='bbox 451 1177 526 1222; x_wconf 88' lang='lat' dir='ltr'>eum</span> <span class='ocrx_word' id='word_1_48' title='bbox 549 1161 762 1222; x_wconf 80' lang='lat' dir='ltr'>amicabiliter</span> <span class='ocrx_word' id='word_1_49' title='bbox 776 1160 886 1222; x_wconf 92' lang='lat' dir='ltr'>verbis</span> <span class='ocrx_word' id='word_1_50' title='bbox 908 1161 994 1237; x_wconf 87' lang='lat' dir='ltr'>paci·</span> 
     </span>
     <span class='ocr_line' id='line_1_9' title="bbox 239 1257 992 1337; baseline 0.004 -20"><span class='ocrx_word' id='word_1_51' title='bbox 239 1257 310 1318; x_wconf 84' lang='lat' dir='ltr'>licis</span> <span class='ocrx_word' id='word_1_52' title='bbox 326 1257 423 1318; x_wconf 90' lang='lat' dir='ltr'>etiam</span> <span class='ocrx_word' id='word_1_53' title='bbox 434 1276 474 1320; x_wconf 90' lang='lat' dir='ltr'>ex</span> <span class='ocrx_word' id='word_1_54' title='bbox 485 1270 575 1337; x_wconf 89' lang='lat' dir='ltr'>parte</span> <span class='ocrx_word' id='word_1_55' title='bbox 590 1259 655 1320; x_wconf 96' lang='lat' dir='ltr'>mei</span> <span class='ocrx_word' id='word_1_56' title='bbox 671 1259 852 1336; x_wconf 88' lang='lat' dir='ltr'>peccatoris</span> <span class='ocrx_word' id='word_1_57' title='bbox 862 1260 992 1320; x_wconf 89' lang='lat' dir='ltr'>veniam</span> 
     </span>
     <span class='ocr_line' id='line_1_10' title="bbox 238 1354 994 1433; baseline 0.005 -19"><span class='ocrx_word' id='word_1_58' title='bbox 238 1354 406 1416; x_wconf 88' lang='lat' dir='ltr'>humiliter</span> <span class='ocrx_word' id='word_1_59' title='bbox 427 1358 578 1433; x_wconf 88' lang='lat' dir='ltr'>petentis.</span> <span class='ocrx_word' id='word_1_60' title='bbox 620 1357 649 1419; x_wconf 95' lang='lat' dir='ltr'>O</span> <span class='ocrx_word' id='word_1_61' title='bbox 672 1357 700 1416; x_wconf 94' lang='lat' dir='ltr'>si</span> <span class='ocrx_word' id='word_1_62' title='bbox 729 1357 826 1417; x_wconf 88' lang='lat' dir='ltr'>talem</span> <span class='ocrx_word' id='word_1_63' title='bbox 849 1356 994 1418; x_wconf 90' lang='lat' dir='ltr'>devotio·</span> 
     </span>
    </p>

    <p class='ocr_par' dir='ltr' id='par_1_4' title="bbox 205 1451 994 1922">
     <span class='ocr_line' id='line_1_11' title="bbox 205 1451 994 1531; baseline 0.003 -17"><span class='ocrx_word' id='word_1_64' title='bbox 205 1474 229 1514; x_wconf 86' lang='lat' dir='ltr'>ro</span> <span class='ocrx_word' id='word_1_65' title='bbox 238 1451 290 1512; x_wconf 93' lang='lat' dir='ltr'>nis</span> <span class='ocrx_word' id='word_1_66' title='bbox 311 1453 446 1528; x_wconf 87' lang='lat' dir='ltr'>gratiam</span> <span class='ocrx_word' id='word_1_67' title='bbox 468 1471 597 1515; x_wconf 88' lang='lat' dir='ltr'>merear</span> <span class='ocrx_word' id='word_1_68' title='bbox 612 1455 732 1514; x_wconf 88' lang='lat' dir='ltr'>habere</span> <span class='ocrx_word' id='word_1_69' title='bbox 748 1472 823 1515; x_wconf 91' lang='lat' dir='ltr'>curn</span> <span class='ocrx_word' id='word_1_70' title='bbox 839 1454 994 1531; x_wconf 88' lang='lat' dir='ltr'>lacrimis,</span> 
     </span>
     <span class='ocr_line' id='line_1_12' title="bbox 239 1550 994 1626; baseline 0.007 -18"><span class='ocrx_word' id='word_1_71' title='bbox 239 1550 368 1626; x_wconf 89' lang='lat' dir='ltr'>qualem</span> <span class='ocrx_word' id='word_1_72' title='bbox 399 1568 459 1611; x_wconf 92' lang='lat' dir='ltr'>vos</span> <span class='ocrx_word' id='word_1_73' title='bbox 490 1552 651 1612; x_wconf 87' lang='lat' dir='ltr'>habuistis</span> <span class='ocrx_word' id='word_1_74' title='bbox 687 1552 719 1612; x_wconf 91' lang='lat' dir='ltr'>in</span> <span class='ocrx_word' id='word_1_75' title='bbox 751 1551 879 1612; x_wconf 88' lang='lat' dir='ltr'>visione</span> <span class='ocrx_word' id='word_1_76' title='bbox 911 1553 994 1614; x_wconf 88' lang='lat' dir='ltr'>eius.</span> 
     </span>
     <span class='ocr_line' id='line_1_13' title="bbox 239 1647 994 1727; baseline 0.004 -19"><span class='ocrx_word' id='word_1_77' title='bbox 239 1647 359 1724; x_wconf 90' lang='lat' dir='ltr'>Spero,</span> <span class='ocrx_word' id='word_1_78' title='bbox 390 1649 476 1726; x_wconf 88' lang='lat' dir='ltr'>quod</span> <span class='ocrx_word' id='word_1_79' title='bbox 498 1666 559 1710; x_wconf 95' lang='lat' dir='ltr'>vos</span> <span class='ocrx_word' id='word_1_80' title='bbox 587 1649 727 1709; x_wconf 89' lang='lat' dir='ltr'>libenter</span> <span class='ocrx_word' id='word_1_81' title='bbox 755 1648 906 1711; x_wconf 87' lang='lat' dir='ltr'>exaudiet</span> <span class='ocrx_word' id='word_1_82' title='bbox 934 1667 994 1727; x_wconf 91' lang='lat' dir='ltr'>pro</span> 
     </span>
     <span class='ocr_line' id='line_1_14' title="bbox 238 1746 994 1808; baseline 0.005 -4"><span class='ocrx_word' id='word_1_83' title='bbox 238 1746 408 1806; x_wconf 90' lang='lat' dir='ltr'>sanctitate</span> <span class='ocrx_word' id='word_1_84' title='bbox 439 1746 630 1807; x_wconf 93' lang='lat' dir='ltr'>meritorum</span> <span class='ocrx_word' id='word_1_85' title='bbox 661 1757 845 1808; x_wconf 88' lang='lat' dir='ltr'>vestrorum</span> <span class='ocrx_word' id='word_1_86' title='bbox 877 1757 909 1808; x_wconf 93' lang='lat' dir='ltr'>et</span> <span class='ocrx_word' id='word_1_87' title='bbox 940 1765 994 1808; x_wconf 92' lang='lat' dir='ltr'>ex·</span> 
     </span>
     <span class='ocr_line' id='line_1_15' title="bbox 238 1842 994 1922; baseline 0.005 -20"><span class='ocrx_word' id='word_1_88' title='bbox 238 1842 397 1904; x_wconf 88' lang='lat' dir='ltr'>bibitione</span> <span class='ocrx_word' id='word_1_89' title='bbox 428 1845 660 1922; x_wconf 88' lang='lat' dir='ltr'>obsequiorum</span> <span class='ocrx_word' id='word_1_90' title='bbox 696 1844 757 1904; x_wconf 93' lang='lat' dir='ltr'>sibi</span> <span class='ocrx_word' id='word_1_91' title='bbox 793 1861 893 1920; x_wconf 88' lang='lat' dir='ltr'>saepe</span> <span class='ocrx_word' id='word_1_92' title='bbox 930 1845 994 1906; x_wconf 89' lang='lat' dir='ltr'>lac·</span> 
     </span>
    </p>

    <p class='ocr_par' dir='ltr' id='par_1_5' title="bbox 204 1951 355 2005">
     <span class='ocr_line' id='line_1_16' title="bbox 204 1951 355 2005; baseline -0.007 -2"><span class='ocrx_word' id='word_1_93' title='bbox 204 1951 355 2005; x_wconf 77' lang='lat' dir='ltr'>istorum.</span> 
     </span>
    </p>

    <p class='ocr_par' dir='ltr' id='par_1_6' title="bbox 280 2038 994 2116">
     <span class='ocr_line' id='line_1_17' title="bbox 280 2038 994 2116; baseline 0.003 -18"><span class='ocrx_word' id='word_1_94' title='bbox 280 2039 389 2099; x_wconf 91' lang='lat' dir='ltr'>Laudo</span> <span class='ocrx_word' id='word_1_95' title='bbox 412 2049 444 2100; x_wconf 87' lang='lat' dir='ltr'>et</span> <span class='ocrx_word' id='word_1_96' title='bbox 466 2039 647 2100; x_wconf 89' lang='lat' dir='ltr'>honorilico</span> <span class='ocrx_word' id='word_1_97' title='bbox 676 2049 725 2114; x_wconf 94' lang='lat' dir='ltr'>te,</span> <span class='ocrx_word' id='word_1_98' title='bbox 755 2038 994 2116; x_wconf 83' lang='lat' dir='ltr'>benignissime</span> 
     </span>
    </p>
   </div>
   <div class='ocr_carea' id='block_1_3' title="bbox 239 2136 994 2296">
    <p class='ocr_par' dir='ltr' id='par_1_7' title="bbox 239 2136 994 2296">
     <span class='ocr_line' id='line_1_18' title="bbox 240 2136 994 2215; baseline -0.003 -17"><span class='ocrx_word' id='word_1_99' title='bbox 240 2139 325 2213; x_wconf 88' lang='lat' dir='ltr'>lesu,</span> <span class='ocrx_word' id='word_1_100' title='bbox 346 2154 405 2215; x_wconf 92' lang='lat' dir='ltr'>pro</span> <span class='ocrx_word' id='word_1_101' title='bbox 427 2148 482 2198; x_wconf 86' lang='lat' dir='ltr'>tua</span> <span class='ocrx_word' id='word_1_102' title='bbox 510 2137 650 2198; x_wconf 91' lang='lat' dir='ltr'>maxima</span> <span class='ocrx_word' id='word_1_103' title='bbox 678 2137 852 2197; x_wconf 86' lang='lat' dir='ltr'>clementia</span> <span class='ocrx_word' id='word_1_104' title='bbox 880 2146 913 2197; x_wconf 89' lang='lat' dir='ltr'>et</span> <span class='ocrx_word' id='word_1_105' title='bbox 941 2136 994 2213; x_wconf 91' lang='lat' dir='ltr'>pia</span> 
     </span>
     <span class='ocr_line' id='line_1_19' title="bbox 239 2235 992 2296; baseline -0.003 0"><span class='ocrx_word' id='word_1_106' title='bbox 239 2236 435 2296; x_wconf 86' lang='lat' dir='ltr'>allocutione</span> <span class='ocrx_word' id='word_1_107' title='bbox 457 2252 494 2295; x_wconf 90' lang='lat' dir='ltr'>ac</span> <span class='ocrx_word' id='word_1_108' title='bbox 509 2238 593 2296; x_wconf 91' lang='lat' dir='ltr'>laeta</span> <span class='ocrx_word' id='word_1_109' title='bbox 608 2235 802 2295; x_wconf 89' lang='lat' dir='ltr'>salutatione</span> <span class='ocrx_word' id='word_1_110' title='bbox 817 2235 992 2295; x_wconf 87' lang='lat' dir='ltr'>verborum</span> 
     </span>
    </p>
   </div>
   <div class='ocr_carea' id='block_1_4' title="bbox 239 2332 1083 2410">
    <p class='ocr_par' dir='ltr' id='par_1_8' title="bbox 239 2332 1083 2410">
     <span class='ocr_line' id='line_1_20' title="bbox 239 2332 1083 2410; baseline 0.006 -18"><span class='ocrx_word' id='word_1_111' title='bbox 239 2343 379 2409; x_wconf 91' lang='lat' dir='ltr'>tuorum,</span> <span class='ocrx_word' id='word_1_112' title='bbox 401 2333 520 2410; x_wconf 91' lang='lat' dir='ltr'>quibus</span> <span class='ocrx_word' id='word_1_113' title='bbox 549 2332 695 2393; x_wconf 90' lang='lat' dir='ltr'>salutasti</span> <span class='ocrx_word' id='word_1_114' title='bbox 725 2342 855 2393; x_wconf 91' lang='lat' dir='ltr'>sanctas</span> <span class='ocrx_word' id='word_1_115' title='bbox 883 2342 916 2392; x_wconf 91' lang='lat' dir='ltr'>et</span> <span class='ocrx_word' id='word_1_116' title='bbox 939 2332 993 2392; x_wconf 87' lang='lat' dir='ltr'>de·</span> <span class='ocrx_word' id='word_1_117' title='bbox 1082 2365 1083 2397; x_wconf 63' lang='lat' dir='ltr'>r</span> 
     </span>
    </p>
   </div>
   <div class='ocr_carea' id='block_1_5' title="bbox 200 2429 1082 3480">
    <p class='ocr_par' dir='ltr' id='par_1_9' title="bbox 200 2429 1082 3480">
     <span class='ocr_line' id='line_1_21' title="bbox 201 2429 993 2506; baseline -0.005 -12"><span class='ocrx_word' id='word_1_118' title='bbox 201 2441 330 2494; x_wconf 78' lang='lat' dir='ltr'>zovotas</span> <span class='ocrx_word' id='word_1_119' title='bbox 353 2431 492 2491; x_wconf 87' lang='lat' dir='ltr'>feminas</span> <span class='ocrx_word' id='word_1_120' title='bbox 513 2431 570 2492; x_wconf 93' lang='lat' dir='ltr'>tibi</span> <span class='ocrx_word' id='word_1_121' title='bbox 602 2430 772 2496; x_wconf 91' lang='lat' dir='ltr'>obviantes</span> <span class='ocrx_word' id='word_1_122' title='bbox 799 2429 993 2506; x_wconf 91' lang='lat' dir='ltr'>permittens</span> 
     </span>
     <span class='ocr_line' id='line_1_22' title="bbox 238 2528 991 2605; baseline -0.001 -17"><span class='ocrx_word' id='word_1_123' title='bbox 238 2545 294 2588; x_wconf 92' lang='lat' dir='ltr'>eas</span> <span class='ocrx_word' id='word_1_124' title='bbox 313 2537 426 2590; x_wconf 87' lang='lat' dir='ltr'>tenere</span> <span class='ocrx_word' id='word_1_125' title='bbox 442 2529 682 2589; x_wconf 89' lang='lat' dir='ltr'>sacratissimos</span> <span class='ocrx_word' id='word_1_126' title='bbox 697 2528 798 2605; x_wconf 87' lang='lat' dir='ltr'>pedes</span> <span class='ocrx_word' id='word_1_127' title='bbox 813 2537 888 2588; x_wconf 93' lang='lat' dir='ltr'>tuos</span> <span class='ocrx_word' id='word_1_128' title='bbox 903 2528 991 2588; x_wconf 90' lang='lat' dir='ltr'>cruci</span> 
     </span>
     <span class='ocr_line' id='line_1_23' title="bbox 238 2625 993 2703; baseline 0 -17"><span class='ocrx_word' id='word_1_129' title='bbox 238 2625 364 2703; x_wconf 88' lang='lat' dir='ltr'>allixos,</span> <span class='ocrx_word' id='word_1_130' title='bbox 385 2628 455 2687; x_wconf 94' lang='lat' dir='ltr'>sole</span> <span class='ocrx_word' id='word_1_131' title='bbox 478 2626 651 2702; x_wconf 87' lang='lat' dir='ltr'>clariores,</span> <span class='ocrx_word' id='word_1_132' title='bbox 679 2625 755 2686; x_wconf 96' lang='lat' dir='ltr'>nive</span> <span class='ocrx_word' id='word_1_133' title='bbox 778 2625 993 2702; x_wconf 89' lang='lat' dir='ltr'>candidiores,</span> 
     </span>
     <span class='ocr_line' id='line_1_24' title="bbox 238 2711 1082 2801; baseline 0.001 -18"><span class='ocrx_word' id='word_1_134' title='bbox 238 2724 435 2784; x_wconf 91' lang='lat' dir='ltr'>carbunculo</span> <span class='ocrx_word' id='word_1_135' title='bbox 458 2723 681 2801; x_wconf 89' lang='lat' dir='ltr'>pulchriores,</span> <span class='ocrx_word' id='word_1_136' title='bbox 710 2739 788 2782; x_wconf 91' lang='lat' dir='ltr'>auro</span> <span class='ocrx_word' id='word_1_137' title='bbox 817 2722 993 2800; x_wconf 75' lang='lat' dir='ltr'>dignioreS,</span> <span class='ocrx_word' id='word_1_138' title='bbox 1081 2711 1082 2729; x_wconf 55' lang='lat'>¹</span> 
     </span>
     <span class='ocr_line' id='line_1_25' title="bbox 238 2819 992 2899; baseline 0 -18"><span class='ocrx_word' id='word_1_139' title='bbox 238 2821 326 2882; x_wconf 91' lang='lat' dir='ltr'>omni</span> <span class='ocrx_word' id='word_1_140' title='bbox 350 2831 516 2899; x_wconf 90' lang='lat' dir='ltr'>unguento</span> <span class='ocrx_word' id='word_1_141' title='bbox 539 2830 571 2881; x_wconf 87' lang='lat' dir='ltr'>et</span> <span class='ocrx_word' id='word_1_142' title='bbox 592 2822 737 2881; x_wconf 90' lang='lat' dir='ltr'>balsamo</span> <span class='ocrx_word' id='word_1_143' title='bbox 760 2819 992 2896; x_wconf 86' lang='lat' dir='ltr'>flagrantiores.</span> 
     </span>
     <span class='ocr_line' id='line_1_26' title="bbox 201 2916 992 2995; baseline 0.003 -19"><span class='ocrx_word' id='word_1_144' title='bbox 201 2935 228 2976; x_wconf 80' lang='lat'>25</span> <span class='ocrx_word' id='word_1_145' title='bbox 278 2919 307 2981; x_wconf 95' lang='lat' dir='ltr'>O</span> <span class='ocrx_word' id='word_1_146' title='bbox 324 2918 435 2979; x_wconf 87' lang='lat' dir='ltr'>inclite</span> <span class='ocrx_word' id='word_1_147' title='bbox 447 2919 532 2994; x_wconf 92' lang='lat' dir='ltr'>lesu,</span> <span class='ocrx_word' id='word_1_148' title='bbox 547 2918 666 2995; x_wconf 85' lang='lat' dir='ltr'>gratias</span> <span class='ocrx_word' id='word_1_149' title='bbox 681 2935 740 2995; x_wconf 91' lang='lat' dir='ltr'>ago</span> <span class='ocrx_word' id='word_1_150' title='bbox 755 2917 812 2978; x_wconf 91' lang='lat' dir='ltr'>tibi</span> <span class='ocrx_word' id='word_1_151' title='bbox 823 2916 992 2993; x_wconf 86' lang='lat' dir='ltr'>altissime,</span> 
     </span>
     <span class='ocr_line' id='line_1_27' title="bbox 237 3014 992 3093; baseline -0.001 -18"><span class='ocrx_word' id='word_1_152' title='bbox 237 3016 314 3093; x_wconf 86' lang='lat' dir='ltr'>quia</span> <span class='ocrx_word' id='word_1_153' title='bbox 334 3015 453 3077; x_wconf 91' lang='lat' dir='ltr'>misisti</span> <span class='ocrx_word' id='word_1_154' title='bbox 476 3025 624 3076; x_wconf 91' lang='lat' dir='ltr'>sanctum</span> <span class='ocrx_word' id='word_1_155' title='bbox 651 3016 801 3092; x_wconf 88' lang='lat' dir='ltr'>angelum</span> <span class='ocrx_word' id='word_1_156' title='bbox 830 3023 922 3074; x_wconf 90' lang='lat' dir='ltr'>tuum</span> <span class='ocrx_word' id='word_1_157' title='bbox 952 3014 992 3074; x_wconf 87' lang='lat' dir='ltr'>de</span> 
     </span>
     <span class='ocr_line' id='line_1_28' title="bbox 238 3111 992 3189; baseline -0.003 -15"><span class='ocrx_word' id='word_1_158' title='bbox 238 3114 328 3174; x_wconf 85' lang='lat' dir='ltr'>caelo</span> <span class='ocrx_word' id='word_1_159' title='bbox 350 3115 390 3175; x_wconf 89' lang='lat' dir='ltr'>ad</span> <span class='ocrx_word' id='word_1_160' title='bbox 412 3115 591 3175; x_wconf 91' lang='lat' dir='ltr'>tollendum</span> <span class='ocrx_word' id='word_1_161' title='bbox 615 3113 755 3189; x_wconf 89' lang='lat' dir='ltr'>lapidem</span> <span class='ocrx_word' id='word_1_162' title='bbox 777 3128 929 3188; x_wconf 90' lang='lat' dir='ltr'>magnum</span> <span class='ocrx_word' id='word_1_163' title='bbox 952 3111 992 3172; x_wconf 85' lang='lat' dir='ltr'>de</span> 
     </span>
     <span class='ocr_line' id='line_1_29' title="bbox 238 3208 992 3287; baseline -0.003 -17"><span class='ocrx_word' id='word_1_164' title='bbox 238 3211 423 3287; x_wconf 89' lang='lat' dir='ltr'>sepulchro,</span> <span class='ocrx_word' id='word_1_165' title='bbox 445 3212 485 3272; x_wconf 87' lang='lat' dir='ltr'>ad</span> <span class='ocrx_word' id='word_1_166' title='bbox 506 3211 678 3272; x_wconf 88' lang='lat' dir='ltr'>terrendos</span> <span class='ocrx_word' id='word_1_167' title='bbox 698 3209 852 3269; x_wconf 91' lang='lat' dir='ltr'>custodes</span> <span class='ocrx_word' id='word_1_168' title='bbox 873 3208 992 3285; x_wconf 92' lang='lat' dir='ltr'>impios</span> 
     </span>
     <span class='ocr_line' id='line_1_30' title="bbox 238 3306 993 3384; baseline -0.001 -17"><span class='ocrx_word' id='word_1_169' title='bbox 238 3307 278 3368; x_wconf 88' lang='lat' dir='ltr'>de</span> <span class='ocrx_word' id='word_1_170' title='bbox 301 3309 372 3369; x_wconf 93' lang='lat' dir='ltr'>loco</span> <span class='ocrx_word' id='word_1_171' title='bbox 395 3318 508 3369; x_wconf 90' lang='lat' dir='ltr'>sancto</span> <span class='ocrx_word' id='word_1_172' title='bbox 529 3319 597 3384; x_wconf 86' lang='lat' dir='ltr'>tuo,</span> <span class='ocrx_word' id='word_1_173' title='bbox 619 3307 672 3368; x_wconf 93' lang='lat' dir='ltr'>ubi</span> <span class='ocrx_word' id='word_1_174' title='bbox 695 3306 850 3384; x_wconf 89' lang='lat' dir='ltr'>quievisti</span> <span class='ocrx_word' id='word_1_175' title='bbox 866 3323 993 3381; x_wconf 92' lang='lat' dir='ltr'>secure,</span> 
     </span>
     <span class='ocr_line' id='line_1_31' title="bbox 200 3404 993 3480; baseline -0.004 -14"><span class='ocrx_word' id='word_1_176' title='bbox 200 3405 323 3473; x_wconf 66' lang='lat' dir='ltr'>msicut</span> <span class='ocrx_word' id='word_1_177' title='bbox 354 3406 405 3466; x_wconf 91' lang='lat' dir='ltr'>leo</span> <span class='ocrx_word' id='word_1_178' title='bbox 438 3405 531 3466; x_wconf 87' lang='lat' dir='ltr'>fortis</span> <span class='ocrx_word' id='word_1_179' title='bbox 559 3405 593 3464; x_wconf 96' lang='lat' dir='ltr'>in</span> <span class='ocrx_word' id='word_1_180' title='bbox 615 3413 708 3464; x_wconf 90' lang='lat' dir='ltr'>antro</span> <span class='ocrx_word' id='word_1_181' title='bbox 733 3421 810 3479; x_wconf 93' lang='lat' dir='ltr'>suo,</span> <span class='ocrx_word' id='word_1_182' title='bbox 841 3404 880 3463; x_wconf 90' lang='lat' dir='ltr'>ad</span> <span class='ocrx_word' id='word_1_183' title='bbox 902 3420 993 3480; x_wconf 89' lang='lat' dir='ltr'>prae·</span> 
     </span>
    </p>
   </div>
   <div class='ocr_carea' id='block_1_6' title="bbox 238 3501 991 3648">
    <p class='ocr_par' dir='ltr' id='par_1_10' title="bbox 238 3501 991 3648">
     <span class='ocr_line' id='line_1_32' title="bbox 238 3501 991 3579; baseline 0 -17"><span class='ocrx_word' id='word_1_184' title='bbox 238 3503 417 3579; x_wconf 91' lang='lat' dir='ltr'>parandum</span> <span class='ocrx_word' id='word_1_185' title='bbox 449 3501 530 3562; x_wconf 92' lang='lat' dir='ltr'>viris</span> <span class='ocrx_word' id='word_1_186' title='bbox 561 3513 593 3562; x_wconf 91' lang='lat' dir='ltr'>et</span> <span class='ocrx_word' id='word_1_187' title='bbox 628 3501 822 3562; x_wconf 91' lang='lat' dir='ltr'>mulieribus</span> <span class='ocrx_word' id='word_1_188' title='bbox 853 3501 991 3562; x_wconf 85' lang='lat' dir='ltr'>liberum</span> 
     </span>
     <span class='ocr_line' id='line_1_33' title="bbox 592 3605 634 3648; baseline 0 0"><span class='ocrx_word' id='word_1_189' title='bbox 592 3605 634 3648; x_wconf 78' lang='lat' dir='ltr'>cao</span> 
     </span>
    </p>
   </div>
   <div class='ocr_carea' id='block_1_7' title="bbox 0 0 1102 4180">
    <p class='ocr_par' dir='ltr' id='par_1_11' title="bbox 0 0 1102 4180">
     <span class='ocr_line' id='line_1_34' title="bbox 0 0 1102 4180; baseline 0 0"><span class='ocrx_word' id='word_1_190' title='bbox 0 0 1102 4180; x_wconf 95' lang='lat' dir='ltr'> </span> 
     </span>
    </p>
   </div>
  </div>
 </body>
</html>
