2194 4180
116 404 864 514 Qfflffistaaffffi'ffi

111 591 205 667 tiant,
234 609 331 668 quarn
361 591 394 651 in
423 591 548 651 intimis
569 592 751 653 visceribus
779 592 866 668 passi

111 689 249 764 Christi,
270 690 310 749 de
332 689 393 749 sub
416 688 510 749 cuius
529 699 660 766 pectore
684 689 757 750 fons
771 688 867 749 vivus

110 786 232 864 liquide
255 786 410 847 emanat?
451 785 513 846 Vbi
535 795 600 846 tarn
622 788 769 847 valenter
791 787 867 848 licet

110 885 292 962 tepefactus
310 884 434 962 poteris
449 885 630 960 reaccendi,
652 894 716 944 tam
733 895 866 961 repente
959 877 962 881 ’

109 983 147 1041 ab
169 983 259 1042 omni
290 982 426 1059 strepitu
456 982 596 1058 servari,
627 994 690 1042 tarn
722 981 890 1057 perfectes

109 1080 249 1140 interius
281 1078 444 1156 recolligi,
475 1079 559 1139 sicut
590 1079 622 1139 in
655 1080 752 1140 corde
781 1080 867 1155 lesu,

109 1184 222 1252 prote
245 1193 285 1236 ex
309 1195 419 1238 amore
449 1179 561 1237 lancea
588 1178 770 1254 perforati?
812 1179 865 1238 Nil

110 1273 158 1333 sic
180 1275 345 1351 accendit,
374 1275 472 1336 trahit
493 1285 525 1336 et
553 1285 700 1351 penetrat
729 1292 784 1336 cor
810 1277 867 1336 ho-

110 1371 219 1446 minis,
242 1371 327 1432 sicut
347 1390 439 1433 arnor
461 1371 605 1432 crucifixi
629 1373 865 1450 Redemptoris.

110 1469 197 1530 Hinc
219 1478 252 1529 et
273 1471 403 1546 quidam
431 1479 563 1530 sanctus
591 1470 733 1530 dicebat:
764 1469 866 1531 Amor
877 1483 902 1527 to

109 1584 204 1627 meus
227 1567 401 1628 crucifixus
423 1577 482 1628 est.
525 1567 589 1628 Cui
606 1567 796 1629 affectanter
817 1586 865 1629 re·

110 1665 273 1740 spondeo:
296 1665 380 1726 Ecce
396 1682 487 1725 amor
502 1682 596 1725 meus
611 1666 801 1727 vulneratus
816 1677 866 1727 est

110 1771 143 1822 et
163 1762 357 1838 perforatus,
379 1771 414 1822 ut
435 1762 517 1823 liber
531 1763 701 1840 ingressus
720 1765 759 1823 ad
781 1781 866 1824 anna-

109 1859 174 1920 bile
197 1877 254 1920 cor
275 1860 347 1920 eius
369 1860 449 1921 mihi
473 1860 621 1922 donetur.

152 1958 304 2034 Propera,
325 1965 482 2034 quantum
511 1956 563 2033 pia
591 1957 743 2019 aviditate
774 1975 901 2035 prae-ts

109 2072 241 2116 sumere
263 2055 349 2130 licet,
370 2071 463 2114 sacro
479 2054 570 2115 lateri
594 2054 668 2115 lesu
684 2064 715 2115 te
730 2056 865 2132 applica,

111 2161 146 2212 ut
167 2151 326 2229 sanguine
348 2151 420 2211 eius
442 2152 623 2228 aspergaris
645 2162 678 2213 et
698 2171 790 2230 aqua.
827 2153 865 2214 Et

110 2249 137 2309 si
154 2249 310 2326 possibile
326 2259 385 2325 est,
407 2250 539 2310 extrahe
555 2259 717 2310 cortuum
733 2261 765 2310 et
779 2267 864 2327 ponc

109 2346 198 2406 iuxta
229 2363 286 2407 cor
316 2347 407 2423 lesu,
439 2357 473 2408 ut
500 2347 571 2423 ipse
602 2348 664 2408 hoc
695 2349 863 2424 custodiat,

110 2453 199 2521 regat
221 2452 252 2504 et
273 2445 447 2520 possideat,
468 2462 510 2504 ne
532 2445 671 2521 amplius
685 2443 719 2504 in
735 2444 899 2509 diversaao

109 2549 254 2617 raptetur
282 2550 315 2601 et
341 2541 539 2619 inquinetur.
583 2542 705 2602 Revela
732 2541 778 2601 illi
807 2559 864 2602 cor

108 2649 219 2714 tuum;
240 2639 406 2700 committe
425 2649 457 2700 te
479 2638 525 2700 illi
542 2639 752 2714 confidenter,
773 2640 863 2700 trade

108 2737 137 2797 ei
161 2753 259 2796 omne
281 2738 366 2797 velle
385 2746 474 2797 tuum
498 2747 529 2797 et
544 2738 650 2814 nolle3
672 2738 715 2798 sit
736 2738 791 2798 tibi
808 2756 864 2798 cor

107 2852 210 2896 unum
233 2844 265 2895 et
286 2835 394 2896 anima
415 2852 479 2895 una
493 2835 526 2895 in
543 2836 624 2912 Deo,
646 2835 732 2896 idem
748 2853 862 2912 sapere

107 2941 139 2993 et
162 2950 264 2993 unum
287 2933 409 2993 sentire
430 2950 489 3009 per
510 2933 620 2993 omnia
642 2951 715 2994 curn
745 2951 783 2994 eo
812 2953 899 3000 aeas

106 3031 251 3092 cundum
274 3047 437 3090 summurn
453 3031 693 3108 beneplacitum
716 3031 788 3091 eius
810 3050 863 3092 us-

107 3127 220 3204 quein
236 3127 482 3204 sempiternum.
510 3127 536 3189 T
538 3147 602 3189 unc
617 3128 683 3188 eris
699 3129 731 3189 in
748 3146 863 3205 magna

106 3242 185 3302 pace
207 3241 269 3284 nec
291 3225 331 3284 de
354 3224 439 3285 facili
462 3225 584 3302 poteris
606 3226 785 3301 perturbari
808 3235 863 3286 aut

108 3321 291 3382 inordinate
322 3321 523 3396 contristari,
558 3339 632 3381 cunr
664 3339 704 3382 ex
735 3323 860 3400 integro

105 3418 277 3481 tradideris
310 3418 384 3478 lesu
416 3435 472 3477 cor
502 3427 593 3478 tuum
630 3418 668 3478 ad
704 3428 896 3495 perpetueso

107 3517 368 3578 conservandum
390 3527 422 3577 et
444 3517 698 3578 inhabitandum.

468 3618 505 3664 no
