2152 4174
73 423 816 535 Qffffismafflff

66 613 174 689 ticulo‚
196 631 270 674 cum
294 612 451 674 defecerit
473 612 577 673 virtus
599 629 681 688 mea,
705 621 737 672 et
758 627 821 670 vox

66 711 274 786 obmutuerit,
296 728 370 771 cum
388 709 474 770 oculi
490 708 628 787 caligare
644 709 821 786 coeperint,

66 819 96 868 et
126 807 257 867 auditus
287 806 504 868 obsurduerit.
553 805 644 866 Tunc
666 823 821 866 succurre

66 905 163 981 mihi,
192 905 267 964 lesu
297 905 399 980 bone,
430 913 463 964 et
491 903 669 981 praemitte
691 913 822 964 sanctos

66 1002 199 1078 angelos
235 1013 309 1063 tuos
345 1003 384 1062 ad
420 1003 654 1063 consolandum
697 1020 750 1062 me
788 1002 845 1062 ins

66 1117 186 1177 agone,
214 1110 250 1161 ut
277 1117 343 1160 non
368 1103 552 1177 praevaleat
574 1101 746 1160 adversum
769 1118 822 1161 me

66 1197 171 1256 hostis
193 1197 354 1274 malignus
377 1198 536 1259 insidians
558 1200 657 1259 horae
679 1199 823 1275 ultimae,

66 1295 121 1372 qui
145 1296 242 1356 etiam
265 1313 365 1356 ausus
394 1306 444 1357 est
473 1296 595 1373 aliquid
617 1296 650 1356 in
672 1306 704 1356 te
726 1314 823 1374 quae·

66 1411 157 1468 rere,
191 1394 277 1470 quod
308 1411 405 1454 suum
438 1393 538 1469 loret,
574 1395 631 1454 sed
663 1395 744 1455 nihil
776 1395 823 1454 in·

66 1491 206 1551 veniens
234 1500 322 1551 totus
353 1509 371 1550 a
402 1502 433 1552 te
465 1491 624 1552 confusus
655 1492 823 1553 abscessit.
835 1512 859 1553 ro

67 1588 121 1648 Sic
145 1588 395 1664 confundantur,
420 1589 474 1665 qui
497 1599 658 1665 quaerunt
683 1590 822 1650 animam

67 1705 173 1748 meam
204 1703 335 1763 rapere3
365 1696 553 1748 avertantur
584 1697 762 1749 retrorsum
793 1698 824 1748 et

66 1785 263 1845 erubescant
278 1786 372 1846 valde
387 1786 553 1846 velociter.
583 1786 701 1846 Anima
716 1794 823 1846 autem

66 1900 141 1942 mea
162 1883 301 1943 laetetur
322 1884 355 1943 in
377 1893 409 1944 te
432 1893 463 1943 et
484 1884 606 1943 exultet
626 1901 725 1960 super
740 1885 824 1944 salu·

66 1990 136 2040 tare
158 1989 261 2056 tuum,
284 1981 435 2056 Domine,
457 1981 626 2041 ruminans
644 1982 738 2042 dulce
754 1999 860 2043 ver-15

67 2078 163 2153 burn,
192 2080 279 2155 quod
308 2079 452 2139 secunda
480 2078 543 2138 iam
566 2079 639 2139 vice
667 2079 700 2139 in
728 2097 824 2140 cruce

67 2175 248 2250 protulisti:
270 2174 378 2236 Amen
397 2175 471 2237 dico
492 2176 561 2252 tibi,
583 2177 680 2238 hodie
695 2195 824 2238 mecum

68 2273 134 2334 eris
166 2274 200 2334 in
232 2275 391 2351 paradiso.
445 2274 516 2334 Hoc
548 2275 662 2335 crebro
694 2274 727 2334 in
759 2292 825 2351 ore,

68 2371 218 2431 crebrius
239 2380 347 2432 autem
369 2381 520 2432 versetur
541 2372 574 2432 in
597 2373 711 2448 corde,
739 2374 825 2450 quod

68 2487 107 2530 eo
139 2467 269 2530 dulcius
300 2469 400 2547 sapit,
428 2470 505 2547 quia
535 2470 656 2531 dictum
686 2489 704 2530 a
731 2481 763 2531 te
792 2471 862 2532 inao

68 2583 168 2626 cruce
213 2565 282 2626 fuit.
346 2566 476 2626 Habent
520 2566 607 2627 enim
652 2563 824 2644 gratiorem

68 2664 277 2726 dulcedinem
289 2675 320 2725 et
331 2665 510 2725 efficaciam
521 2664 711 2741 ampliorem
728 2666 826 2725 verba

68 2779 108 2822 ex
129 2779 188 2822 ore
211 2762 356 2822 crucifixi
374 2762 506 2822 Domini
529 2763 593 2823 mei
616 2763 756 2838 prolata3
780 2763 826 2823 id*

68 2860 157 2920 circo
179 2859 335 2920 attentius
356 2860 523 2936 pensanda
537 2869 614 2920 sunt
633 2861 826 2938 avidiusque

69 2957 273 3018 ruminanda.
316 2957 447 3017 Utinam
476 2957 523 3017 sic
552 2974 680 3017 merear
703 2957 862 3033 vivere‚2s

70 3057 193 3117 utinam
217 3055 318 3114 etsie
340 3056 487 3116 studeam
504 3055 646 3144 Domino
663 3072 736 3114 meo
759 3072 826 3114 ser·

69 3155 157 3228 vire,
186 3161 222 3212 ut
250 3152 283 3212 in
310 3154 390 3212 hora
411 3152 519 3212 exitus
540 3153 604 3213 mei
628 3153 667 3212 de
690 3168 826 3228 corpore

70 3252 188 3328 dignus
204 3249 278 3310 fiam
294 3249 521 3310 dulcissimum
537 3251 673 3310 verbum
690 3250 826 3311 caelitus

70 3349 200 3409 audire:
231 3347 337 3408 Hodie
366 3364 495 3407 mecum
523 3347 589 3407 eris
611 3347 651 3407 in⁴
667 3346 825 3424 paradiso.

72 3445 99 3506 Ο
122 3446 150 3505 si
174 3453 207 3505 et
224 3444 304 3504 illud
326 3461 429 3521 aeque
452 3444 666 3504 laetissimum
689 3444 861 3503 verbumso

71 3543 159 3603 dicas
171 3542 210 3602 ad
222 3541 389 3602 servulum
401 3551 508 3602 tuum:
525 3541 624 3618 Euge,
634 3558 730 3600 serve
741 3541 825 3600 bone

112 3649 206 3688 lliomae
220 3659 234 3687 α
249 3649 277 3687 Κ.
293 3647 352 3688 Med.
432 3647 470 3688 145
693 3645 717 3687 10
