2194 4180
241 583 273 635 et
294 575 406 634 salvus
428 590 495 648 ero,
516 588 553 632 ac
572 571 687 632 laetior
701 571 847 649 gaudebo
869 579 901 630 te
924 568 995 630 viso
1078 525 1081 650 1

242 672 275 732 in
297 672 360 731 hoc
382 679 494 731 sancto
516 668 569 729 die
590 669 741 745 paschae.

283 769 321 829 Et
351 769 543 828 factumest
574 767 617 828 ita
647 767 722 827 lesu
751 765 814 842 piis
841 765 928 826 votis
950 765 996 826 di·

242 866 317 927 lecti
341 865 428 926 Petri
450 864 588 942 apostoli
610 873 786 924 annuente.
815 864 898 924 Nam
921 863 996 940 pius

205 988 219 1028 s
242 974 274 1025 et
296 963 484 1024 misericors
501 963 594 1023 lesus
615 979 691 1022 mox
712 961 804 1022 affuit
826 960 994 1039 quaerenti

242 1079 278 1123 se
300 1070 332 1121 et
354 1060 474 1121 festine
496 1059 639 1121 currenti
669 1067 743 1136 post
764 1076 810 1120 se.
853 1059 996 1136 Ideoque

242 1160 374 1220 flentem
405 1158 529 1235 recepit
557 1158 596 1218 ad
617 1157 747 1218 veniam
776 1157 918 1234 gratiose
941 1158 996 1218 de·

242 1260 314 1319 lens
335 1274 465 1318 omnem
489 1257 649 1317 offensam
677 1264 791 1315 contra
818 1272 854 1316 se
883 1255 996 1316 timide

242 1357 358 1416 iactam
380 1364 486 1415 nocte.
529 1354 668 1431 Insuper
695 1354 823 1415 cautius
851 1371 926 1414 eum
949 1353 996 1414 in·
1080 1349 1081 1364 ¹

207 1478 232 1519 ιο
242 1453 387 1513 formans
396 1450 710 1512 lortiusaccenditin
719 1451 770 1512 sui
781 1451 996 1512 sanctinomi-

241 1550 293 1610 nis
313 1549 557 1610 confessionem
575 1558 607 1609 et
627 1558 820 1626 perpetuum
840 1566 995 1610 amorem.

283 1647 311 1709 Ο
334 1647 496 1708 immensa
518 1645 643 1708 Christi
673 1646 777 1723 pietas
806 1645 894 1706 omni
924 1664 996 1723 pro-

242 1744 409 1821 sequenda
428 1744 533 1821 laude,
555 1744 688 1805 caelesti
704 1745 877 1806 dulcedine
900 1745 997 1822 plena

242 1843 435 1920 cunctisque
458 1843 610 1905 fidelibus
633 1843 812 1903 nuntianda
839 1859 898 1919 per
926 1859 996 1903 sae·
1080 1911 1081 1914 Ἴ

208 1941 330 2016 15cula,
358 1957 401 2000 ne
423 1941 497 2017 quis
525 1943 636 2018 lapsus
658 1943 810 2018 desperet
838 1942 878 2001 de
900 1939 996 2001 venia

241 2055 302 2099 nec
331 2055 432 2100 sanus
460 2039 565 2102 iactus
593 2048 780 2118 praesumat
808 2047 933 2099 temere
956 2037 996 2097 de

240 2137 342 2214 gratia
363 2137 500 2199 caelitus
522 2139 583 2200 sibi
607 2139 688 2199 data.

282 2233 312 2296 Ο
344 2251 496 2311 magnum
526 2233 770 2296 misericordiae
800 2233 931 2311 signum
963 2233 995 2293 in

242 2342 354 2393 sancto
378 2333 475 2392 Petro
497 2333 596 2394 hodie
618 2333 791 2394 maniieste
813 2350 832 2392 a
854 2331 996 2392 Domino

205 2432 456 2506 ndeclaratum‚
487 2431 574 2491 unde
607 2431 751 2491 exultant
779 2429 902 2507 angeli,
933 2429 997 2489 lae-

241 2537 350 2588 tantur
370 2527 574 2604 archangeli,
603 2528 765 2605 respirant
785 2526 924 2604 perditi,
942 2543 997 2586 ex·

242 2625 381 2686 citantur
402 2624 531 2701 torpidi,
552 2626 736 2687 collaudant
751 2641 867 2686 omnes
882 2623 997 2684 fideles
1078 2631 1079 2669 l

241 2723 351 2800 populi
369 2723 475 2784 Deum
498 2724 538 2784 de
560 2742 676 2802 magna
691 2722 916 2784 misericordia
932 2723 996 2783 Do-

242 2822 321 2881 mini
345 2831 377 2882 et
405 2822 446 2882 de
475 2820 676 2899 indulgentia
703 2820 883 2882 beatissimi
908 2821 995 2881 Petri

205 2917 275 2983 asin
299 2917 361 2977 lide
384 2917 510 2979 Christi
532 2919 678 2996 perfecte
700 2918 892 2979 confirmati.

282 3014 312 3077 Ο
335 3033 430 3092 quam
453 3015 542 3092 pium
566 3025 598 3077 et
612 3016 782 3076 amicabile
797 3014 996 3091 colloquium

242 3112 354 3174 habuit
375 3123 453 3175 tunc
476 3114 570 3174 lesus
597 3130 671 3174 cum
695 3114 792 3174 Petro
820 3113 854 3173 in
883 3112 997 3173 osculo

241 3212 331 3289 pacis
346 3222 489 3288 recepto,
504 3221 536 3273 et
551 3229 647 3289 quam
663 3213 783 3272 laetum
799 3219 832 3271 et
846 3220 995 3287 pacatum

243 3309 303 3370 luit
325 3309 455 3370 interim
479 3327 535 3371 cor
557 3310 629 3372 eius
660 3310 693 3370 in
715 3309 844 3371 visione
866 3319 899 3370 et
921 3311 998 3371 allo-

204 3407 373 3472 aocutione
396 3408 598 3485 resurgentis
620 3407 758 3483 Christi,
779 3408 995 3471 amantissimi

243 3503 374 3566 Domini
398 3504 460 3565 sui.

600 3608 641 3651 aaa
