2154 4174
65 437 811 546 QQzaifflffl

59 614 191 701 semper
226 623 715 702 memorandum‘mysterium,
750 643 814 702 quo

59 740 116 782 uer
138 740 270 783 crucem
299 725 397 784 homo
426 723 545 783 meruit
571 724 727 799 salutem,
757 741 816 799 per

64 851 220 926 Depalm,
239 821 353 881 *venit
374 821 413 880 ad
429 837 576 898 regnum,
597 838 656 896 per
677 837 814 897 poenam

63 949 176 1008 anima
199 947 250 1006 ei,
267 919 412 996 gloriam,
434 937 493 995 per
507 929 645 980 mortem
661 918 816 978 reductus

239 1007 312 1102 (in
348 1017 590 1092 sempiternam.
647 1016 703 1075 Est
739 1032 853 1091 ergos

24 1121 25 1184 j
59 1123 170 1182 santa,
288 1112 396 1190 passio
411 1123 476 1189 tua,
497 1113 648 1188 Domine,
671 1111 816 1172 omnium

24 1221 25 1256 l
58 1212 247 1270 vulnerum
269 1210 425 1286 'edicina,
448 1227 527 1270 crux
548 1221 603 1270 tua
624 1219 817 1270 cunctorum

24 1375 25 1390 ἶ
58 1309 204 1368 hostium
221 1298 313 1368 ruina
335 1308 529 1386 insigneque
552 1307 720 1367 munimen
742 1305 818 1366 fide-

24 1443 25 1480 3
57 1407 153 1482 lium,
176 1422 267 1464 mors
287 1413 342 1465 tua
363 1405 517 1464 vitiorum
539 1403 692 1464 interitus
714 1412 819 1462 ortus-

24 1495 25 1506 ’
58 1521 122 1580 que
145 1503 315 1564 virtutum.
358 1503 516 1563 Laetabor
542 1503 652 1579 itaque
684 1501 724 1560 de
753 1517 819 1560 me·
830 1523 854 1565 ιο

58 1601 121 1660 rito
144 1609 178 1660 et
201 1601 308 1660 fructu
330 1601 493 1677 passionis
514 1610 600 1676 tuae,
626 1599 820 1660 consolabor

58 1698 98 1757 de
122 1697 349 1773 redemptione
371 1714 453 1772 mea,
475 1697 690 1758 contristabor
711 1705 819 1757 autem

24 1863 25 1868 η
59 1793 249 1854 dilectionis
271 1793 389 1853 intuitu
415 1794 455 1852 de
483 1793 687 1852 amarissima
716 1800 819 1852 morte

24 1955 25 1962 ,
58 1902 132 1968 tua3
154 1909 231 1952 nam
253 1892 343 1967 pium
366 1891 487 1951 esttibi
509 1891 723 1967 congaudere,
745 1890 821 1966 quia

59 1999 203 2049 mortem
214 1989 333 2064 vicisti,
349 1997 381 2048 et
395 1989 484 2064 pium
501 1997 551 2048 est
565 1988 622 2048 tibi
636 1988 820 2062 condolere,
831 2015 856 2056 15

60 2087 138 2162 quia
159 2097 225 2146 tam
246 2086 357 2163 gravia
377 2104 435 2162 pro
458 2104 510 2146 me
532 2086 703 2162 pertulisti.

102 2183 161 2244 Eia
176 2200 275 2259 nunc,
290 2183 397 2243 anima
413 2183 528 2259 fidelis,
550 2183 679 2242 intuere
693 2181 820 2242 tristem

60 2299 97 2341 ac
109 2281 264 2358 pallidam
280 2281 454 2357 imaginem
466 2279 612 2339 crucifixi
626 2279 821 2354 Salvatoris;

60 2378 237 2439 considera
258 2377 386 2454 singula
408 2377 554 2438 membra
576 2377 722 2438 defuncti
747 2377 820 2436 lesu

61 2486 93 2537 et
108 2492 188 2554 prae
205 2475 426 2552 magnitudine
449 2475 687 2551 compassionis
710 2475 857 2536 fletumao

24 2595 25 2600 ¹
61 2575 226 2635 deducant
261 2573 347 2633 oculi
382 2574 447 2650 tui;
483 2574 650 2634 fructuose
681 2589 821 2649 namque

62 2672 235 2748 occuparis
251 2680 282 2731 et
296 2672 390 2732 valde
402 2681 546 2733 sanctam
558 2663 821 2750 imaginationem

63 2770 217 2845 assumis,
240 2786 314 2829 cum
331 2770 439 2830 lesum
462 2771 495 2831 in
512 2789 608 2832 cruce
624 2786 821 2846 suspensum

63 2867 256 2946 specularis.
299 2869 420 2928 Botrus
443 2869 546 2946 Cypri
569 2869 602 2929 in
630 2868 738 2927 vineis
761 2867 822 2926 En-

61 2965 157 3043 gaddi
180 2965 286 3041 imago
303 2965 461 3026 Crucifixi
484 2966 517 3025 in
540 2966 638 3025 corde
658 2966 719 3025 viri
735 2964 859 3026 iusti.2s

63 3063 98 3125 Si
121 3079 200 3139 ergo
223 3062 324 3122 habes
346 3062 475 3138 pietatis
497 3064 638 3137 oculum,
660 3063 688 3122 si
711 3065 823 3122 huma-

62 3161 175 3222 nitatis
196 3160 285 3237 geris
302 3160 466 3236 affectum,
488 3161 561 3220 leva
579 3160 823 3235 contemplatio-

63 3259 117 3318 nis
138 3268 214 3318 tuae
231 3258 356 3317 radium
380 3247 418 3318 ad
435 3259 541 3318 Deum
558 3257 748 3317 crucifixum
764 3275 822 3333 pro

62 3365 96 3416 te
113 3355 145 3415 in
161 3371 261 3414 cruce
277 3365 450 3414 mortuum.
467 3355 550 3414 Ecce
566 3354 689 3430 lignum
706 3354 823 3429 cruciS,

65 3455 99 3513 in
121 3471 187 3530 quo
210 3453 299 3512 salus
320 3463 375 3512 tua
396 3453 532 3528 pendet,
554 3451 734 3526 redemptio
756 3450 860 3526 pio-ao

65 3569 155 3628 rum,
192 3551 313 3612 derisio
349 3549 557 3626 perfidorum.
609 3549 717 3624 Caput
752 3549 824 3608 eius

109 3658 273 3698 mamaeam.
289 3655 349 3696 Med.
433 3654 471 3694 1ae
693 3654 718 3694 13
