2194 4180
107 435 859 545 Quaem&

98 620 260 697 impletae
283 632 314 682 et
336 640 394 698 pro
416 640 520 683 novae
550 624 631 700 legis
659 625 863 685 institutione

99 718 268 778 servanda
289 721 425 780 verbum
456 720 552 781 finale
581 729 613 780 et
641 721 862 782 abbreviatum

100 815 236 876 cunctis
251 817 458 879 audientibus
468 819 602 895 propalo
617 827 649 878 et
664 818 752 879 dico:
776 819 864 881 Con·

100 922 305 974 summatum
328 925 387 975 est.

146 1009 177 1071 O
200 1011 422 1073 illustrissime
444 1031 481 1072 ac
496 1013 685 1074 doctissime
700 1014 885 1091 magistens

100 1107 249 1168 Domine
265 1109 340 1169 lesu
357 1109 501 1186 Christe,
523 1112 608 1171 sicut
630 1111 712 1171 dicis
734 1120 766 1171 et
788 1128 864 1171 con·

99 1205 253 1281 testaris,
284 1207 332 1266 sic
359 1216 409 1266 est
433 1207 466 1267 in
489 1208 642 1284 veritate,
672 1219 704 1270 et
725 1226 791 1270 non
814 1220 864 1270 est

100 1305 321 1379 reprehensio
344 1307 410 1366 ulla
431 1307 463 1366 in
486 1315 541 1366 tuo
573 1324 736 1368 sermone.
780 1309 862 1368 Nam

99 1403 216 1462 omnia
237 1420 320 1480 quae
343 1404 435 1480 dicis,
457 1404 611 1480 operibus
633 1406 754 1466 sanctis
777 1423 863 1465 com·

100 1500 224 1576 probas
260 1511 292 1561 et
326 1502 527 1578 propheticis
563 1503 703 1580 eloquiis
738 1503 863 1564 munita
875 1521 898 1562 ro

98 1599 318 1660 demonstras.
362 1601 428 1660 Iam
457 1601 544 1662 enirn
573 1612 703 1677 tempus
730 1612 798 1676 est,
827 1610 861 1661 ut

101 1695 295 1771 requiescas
317 1698 356 1757 ab
378 1699 466 1759 omni
489 1716 599 1775 opere,
621 1699 708 1776 quod
729 1698 861 1775 patrasti

100 1794 138 1853 in
173 1795 276 1856 terris.
320 1796 358 1855 Et
388 1805 423 1856 tu
455 1795 605 1872 quidem,
638 1797 797 1872 Domine,
828 1797 861 1856 in

101 1891 266 1968 principio
297 1893 407 1953 omnia
438 1911 511 1954 cum
545 1895 640 1954 Patre
676 1895 793 1954 creasti
830 1902 863 1953 et

101 2006 194 2049 nunc
216 2000 410 2066 cooperante
434 1992 529 2052 Patre
558 1992 667 2051 omnia
696 1991 861 2051 recreasti.
874 2012 898 2054 15

102 2087 172 2147 Sex
193 2088 308 2148 diebus
338 2105 421 2164 opus
449 2089 633 2150 mundanae
664 2088 861 2148 conditionis

101 2182 212 2244 fecisti
222 2194 253 2244 et
264 2202 351 2245 nunc
362 2195 453 2246 sexta
463 2187 585 2247 saeculi
597 2195 701 2247 aetate
710 2203 792 2262 opus
803 2189 861 2246 hu·

101 2298 220 2342 manae
235 2284 470 2360 redemptionis
485 2285 729 2345 consummasti.
762 2285 860 2346 Sexto

100 2379 156 2439 die
187 2380 354 2441 hominem
386 2383 426 2442 de
457 2383 534 2443 limo
565 2393 671 2443 terrae
693 2384 859 2459 plasmasti

100 2486 134 2537 et
165 2487 256 2538 sexto
285 2478 337 2539 die
366 2479 473 2555 ipsum
504 2481 662 2557 sanguine
697 2490 753 2541 tuo
789 2481 898 2542 red-ao

100 2574 222 2635 emisti.
251 2576 349 2637 Sexto
365 2577 418 2637 die
433 2577 537 2638 Adam
558 2586 734 2654 temptatus
750 2589 781 2639 et
803 2596 862 2655 per

102 2672 203 2732 Evam
227 2673 393 2751 deceptus,
415 2685 507 2735 sexto
531 2675 583 2736 die
606 2676 644 2735 ab
668 2676 783 2752 angelo
806 2692 861 2735 an·

99 2769 270 2831 nuntiatus
306 2789 342 2832 es
378 2781 410 2833 et
441 2773 475 2833 in
505 2773 633 2850 virgine
669 2782 857 2849 conceptus

100 2867 200 2928 Sexto
229 2869 281 2929 die
310 2871 409 2933 homo
438 2871 585 2948 peccavit
613 2879 646 2930 et
672 2870 857 2947 paradisum

98 2967 251 3042 perdidit,
272 2977 365 3027 sexto
381 2967 433 3028 die
455 2977 489 3028 tu
505 2985 563 3044 pro
579 2967 722 3044 peccatis
737 2967 859 3028 nostris
869 2989 897 3030 25

97 3081 217 3140 passus
233 3082 280 3141 es,
295 3074 327 3126 et
341 3066 422 3126 latro
438 3075 470 3126 te
484 3066 661 3127 miserante
673 3065 858 3141 paradisum

97 3160 233 3237 recepit.
242 3161 465 3240 Vtergonova
475 3164 695 3240 respondeant
706 3163 859 3240 antiquis,

97 3267 130 3318 et
146 3267 312 3334 postrema
322 3260 486 3336 prioribus
502 3262 605 3337 lactis,
616 3261 712 3338 digne
728 3269 856 3321 sextum

96 3357 235 3417 verbum
251 3357 285 3416 in
302 3375 399 3418 cruce
415 3359 488 3419 luit:
506 3359 779 3421 Consummatum
796 3368 856 3419 est.

140 3454 244 3530 Perge
267 3471 365 3530 nunc,
388 3456 528 3516 Domine
548 3457 633 3532 lesu,
655 3473 720 3533 quo
742 3456 804 3531 vis,
826 3466 895 3522 etao

95 3560 266 3612 revertere
281 3551 321 3611 ad
338 3553 466 3613 Patrem
486 3562 577 3614 tuum
601 3554 633 3614 in
650 3554 760 3628 caeliS,
773 3554 858 3630 ¹quia

141 3657 235 3696 rhomae
251 3669 265 3696 a
282 3659 311 3696 K.
326 3657 385 3700 Med.
466 3658 503 3700 177
727 3662 752 3703 12
