<?xml version="1.0" encoding="UTF-8"?>
<!DOCTYPE html PUBLIC "-//W3C//DTD XHTML 1.0 Transitional//EN"
    "http://www.w3.org/TR/xhtml1/DTD/xhtml1-transitional.dtd">
<html xmlns="http://www.w3.org/1999/xhtml" xml:lang="en" lang="en">
 <head>
  <title>
</title>
<meta http-equiv="Content-Type" content="text/html;charset=utf-8" />
  <meta name='ocr-system' content='tesseract 3.04.00' />
  <meta name='ocr-capabilities' content='ocr_page ocr_carea ocr_par ocr_line ocrx_word'/>
</head>
<body>
  <div class='ocr_page' id='page_1' title='image "./thomaehemerkena02pohlgoog_0280.png"; bbox 0 0 2194 4180; ppageno 0'>
   <div class='ocr_carea' id='block_1_1' title="bbox 119 596 899 1163">
    <p class='ocr_par' dir='ltr' id='par_1_1' title="bbox 119 596 899 1163">
     <span class='ocr_line' id='line_1_1' title="bbox 120 596 876 675; baseline -0.003 -15"><span class='ocrx_word' id='word_1_1' title='bbox 120 600 227 661; x_wconf 84' lang='lat' dir='ltr'><strong>iactus</strong></span> <span class='ocrx_word' id='word_1_2' title='bbox 249 607 299 658; x_wconf 91' lang='lat' dir='ltr'><strong>est</strong></span> <span class='ocrx_word' id='word_1_3' title='bbox 313 596 449 658; x_wconf 82' lang='lat' dir='ltr'>hilarior</span> <span class='ocrx_word' id='word_1_4' title='bbox 462 606 573 657; x_wconf 91' lang='lat' dir='ltr'><strong>mente</strong></span> <span class='ocrx_word' id='word_1_5' title='bbox 596 606 627 657; x_wconf 92' lang='lat' dir='ltr'><strong>et</strong></span> <span class='ocrx_word' id='word_1_6' title='bbox 643 607 771 675; x_wconf 90' lang='lat' dir='ltr'><strong>arrepta</strong></span> <span class='ocrx_word' id='word_1_7' title='bbox 791 615 876 659; x_wconf 92' lang='lat' dir='ltr'><strong>nova</strong></span> 
     </span>
     <span class='ocr_line' id='line_1_2' title="bbox 120 693 875 757; baseline -0.001 0"><span class='ocrx_word' id='word_1_8' title='bbox 120 695 241 757; x_wconf 84' lang='lat' dir='ltr'><strong>fiducia</strong></span> <span class='ocrx_word' id='word_1_9' title='bbox 268 694 412 756; x_wconf 85' lang='lat' dir='ltr'><strong>cucurrit</strong></span> <span class='ocrx_word' id='word_1_10' title='bbox 439 693 598 755; x_wconf 88' lang='lat' dir='ltr'><strong>velociter</strong></span> <span class='ocrx_word' id='word_1_11' title='bbox 626 711 700 756; x_wconf 91' lang='lat' dir='ltr'><strong>cum</strong></span> <span class='ocrx_word' id='word_1_12' title='bbox 730 695 875 756; x_wconf 82' lang='lat' dir='ltr'>Iohanne</span> 
     </span>
     <span class='ocr_line' id='line_1_3' title="bbox 119 791 875 869; baseline -0.001 -16"><span class='ocrx_word' id='word_1_13' title='bbox 119 795 160 855; x_wconf 87' lang='lat' dir='ltr'><strong>ad</strong></span> <span class='ocrx_word' id='word_1_14' title='bbox 174 795 282 854; x_wconf 93' lang='lat' dir='ltr'><strong>locum</strong></span> <span class='ocrx_word' id='word_1_15' title='bbox 298 793 486 869; x_wconf 87' lang='lat' dir='ltr'><strong>sepulturae</strong></span> <span class='ocrx_word' id='word_1_16' title='bbox 497 791 617 852; x_wconf 91' lang='lat' dir='ltr'><strong>oblitus</strong></span> <span class='ocrx_word' id='word_1_17' title='bbox 632 791 740 853; x_wconf 92' lang='lat' dir='ltr'><strong>omnis</strong></span> <span class='ocrx_word' id='word_1_18' title='bbox 755 791 875 852; x_wconf 92' lang='lat' dir='ltr'><strong>laboris</strong></span> 
     </span>
     <span class='ocr_line' id='line_1_4' title="bbox 120 889 876 966; baseline -0.003 -14"><span class='ocrx_word' id='word_1_19' title='bbox 120 902 153 953; x_wconf 90' lang='lat' dir='ltr'><strong>et</strong></span> <span class='ocrx_word' id='word_1_20' title='bbox 188 890 348 951; x_wconf 85' lang='lat' dir='ltr'><strong>tristitiae.</strong></span> <span class='ocrx_word' id='word_1_21' title='bbox 405 889 559 966; x_wconf 83' lang='lat' dir='ltr'><strong>Cumque</strong></span> <span class='ocrx_word' id='word_1_22' title='bbox 574 900 576 905; x_wconf 82' lang='lat'>&#39;</span> <span class='ocrx_word' id='word_1_23' title='bbox 594 889 732 950; x_wconf 89' lang='lat' dir='ltr'><strong>vidisset</strong></span> <span class='ocrx_word' id='word_1_24' title='bbox 766 891 876 951; x_wconf 92' lang='lat' dir='ltr'><strong>omnia</strong></span> 
     </span>
     <span class='ocr_line' id='line_1_5' title="bbox 119 987 899 1066; baseline 0.001 -17"><span class='ocrx_word' id='word_1_25' title='bbox 119 989 168 1050; x_wconf 92' lang='lat' dir='ltr'><strong>sic</strong></span> <span class='ocrx_word' id='word_1_26' title='bbox 190 997 282 1066; x_wconf 85' lang='lat' dir='ltr'><strong>gesta</strong></span> <span class='ocrx_word' id='word_1_27' title='bbox 303 1005 322 1048; x_wconf 94' lang='lat' dir='ltr'><strong>a</strong></span> <span class='ocrx_word' id='word_1_28' title='bbox 344 987 497 1063; x_wconf 89' lang='lat' dir='ltr'><strong>Domino,</strong></span> <span class='ocrx_word' id='word_1_29' title='bbox 518 987 604 1048; x_wconf 87' lang='lat' dir='ltr'><strong>sicut</strong></span> <span class='ocrx_word' id='word_1_30' title='bbox 624 987 748 1048; x_wconf 90' lang='lat' dir='ltr'><strong>audivit</strong></span> <span class='ocrx_word' id='word_1_31' title='bbox 771 987 835 1048; x_wconf 92' lang='lat' dir='ltr'><strong>dici</strong></span> <span class='ocrx_word' id='word_1_32' title='bbox 858 1007 899 1050; x_wconf 83' lang='lat' dir='ltr'><strong>as</strong></span> 
     </span>
     <span class='ocr_line' id='line_1_6' title="bbox 119 1084 874 1163; baseline 0 -17"><span class='ocrx_word' id='word_1_33' title='bbox 119 1085 313 1147; x_wconf 89' lang='lat' dir='ltr'><strong>mulieribus</strong></span> <span class='ocrx_word' id='word_1_34' title='bbox 334 1095 367 1146; x_wconf 93' lang='lat' dir='ltr'><strong>et</strong></span> <span class='ocrx_word' id='word_1_35' title='bbox 388 1086 428 1145; x_wconf 89' lang='lat' dir='ltr'><strong>ab</strong></span> <span class='ocrx_word' id='word_1_36' title='bbox 449 1084 565 1161; x_wconf 85' lang='lat' dir='ltr'><strong>angelo</strong></span> <span class='ocrx_word' id='word_1_37' title='bbox 587 1095 709 1162; x_wconf 91' lang='lat' dir='ltr'><strong>sancto,</strong></span> <span class='ocrx_word' id='word_1_38' title='bbox 731 1085 786 1163; x_wconf 89' lang='lat' dir='ltr'><strong>qui</strong></span> <span class='ocrx_word' id='word_1_39' title='bbox 809 1103 874 1146; x_wconf 91' lang='lat' dir='ltr'><strong>non</strong></span> 
     </span>
    </p>
   </div>
   <div class='ocr_carea' id='block_1_2' title="bbox 80 1182 974 3506">
    <p class='ocr_par' dir='ltr' id='par_1_2' title="bbox 80 1182 974 3506">
     <span class='ocr_line' id='line_1_7' title="bbox 118 1182 874 1259; baseline -0.001 -16"><span class='ocrx_word' id='word_1_40' title='bbox 118 1183 284 1259; x_wconf 88' lang='lat' dir='ltr'><strong>mentitur,</strong></span> <span class='ocrx_word' id='word_1_41' title='bbox 306 1183 365 1244; x_wconf 92' lang='lat' dir='ltr'><strong>sed</strong></span> <span class='ocrx_word' id='word_1_42' title='bbox 380 1193 431 1243; x_wconf 88' lang='lat' dir='ltr'><strong>est</strong></span> <span class='ocrx_word' id='word_1_43' title='bbox 444 1182 539 1243; x_wconf 90' lang='lat' dir='ltr'><strong>testis</strong></span> <span class='ocrx_word' id='word_1_44' title='bbox 556 1182 703 1243; x_wconf 89' lang='lat' dir='ltr'><strong>veritatis</strong></span> <span class='ocrx_word' id='word_1_45' title='bbox 718 1192 751 1244; x_wconf 92' lang='lat' dir='ltr'><strong>et</strong></span> <span class='ocrx_word' id='word_1_46' title='bbox 768 1182 874 1244; x_wconf 85' lang='lat' dir='ltr'><strong>fidelis</strong></span> 
     </span>
     <span class='ocr_line' id='line_1_8' title="bbox 117 1280 874 1358; baseline 0 -18"><span class='ocrx_word' id='word_1_47' title='bbox 117 1280 255 1341; x_wconf 92' lang='lat' dir='ltr'><strong>nuntius</strong></span> <span class='ocrx_word' id='word_1_48' title='bbox 285 1290 435 1358; x_wconf 88' lang='lat' dir='ltr'><strong>peractae</strong></span> <span class='ocrx_word' id='word_1_49' title='bbox 467 1280 736 1356; x_wconf 87' lang='lat' dir='ltr'><strong>resurrectionis,</strong></span> <span class='ocrx_word' id='word_1_50' title='bbox 765 1280 874 1341; x_wconf 91' lang='lat' dir='ltr'><strong>statim</strong></span> 
     </span>
     <span class='ocr_line' id='line_1_9' title="bbox 119 1376 874 1455; baseline -0.003 -17"><span class='ocrx_word' id='word_1_51' title='bbox 119 1377 238 1438; x_wconf 88' lang='lat' dir='ltr'><strong>revixit</strong></span> <span class='ocrx_word' id='word_1_52' title='bbox 260 1378 292 1438; x_wconf 94' lang='lat' dir='ltr'><strong>in</strong></span> <span class='ocrx_word' id='word_1_53' title='bbox 315 1395 355 1438; x_wconf 95' lang='lat' dir='ltr'><strong>eo</strong></span> <span class='ocrx_word' id='word_1_54' title='bbox 371 1377 506 1455; x_wconf 90' lang='lat' dir='ltr'><strong>spiritus</strong></span> <span class='ocrx_word' id='word_1_55' title='bbox 522 1377 607 1438; x_wconf 91' lang='lat' dir='ltr'><strong>vitae</strong></span> <span class='ocrx_word' id='word_1_56' title='bbox 630 1386 662 1438; x_wconf 87' lang='lat' dir='ltr'><strong>et</strong></span> <span class='ocrx_word' id='word_1_57' title='bbox 684 1376 777 1437; x_wconf 85' lang='lat' dir='ltr'><strong>firma</strong></span> <span class='ocrx_word' id='word_1_58' title='bbox 797 1393 874 1453; x_wconf 90' lang='lat' dir='ltr'><strong>spes</strong></span> 
     </span>
     <span class='ocr_line' id='line_1_10' title="bbox 118 1475 911 1536; baseline 0.005 -2"><span class='ocrx_word' id='word_1_59' title='bbox 118 1484 272 1536; x_wconf 81' lang='lat' dir='ltr'><strong>aeternae</strong></span> <span class='ocrx_word' id='word_1_60' title='bbox 295 1475 420 1536; x_wconf 76' lang='lat' dir='ltr'><strong>salutis,</strong></span> <span class='ocrx_word' id='word_1_61' title='bbox 886 1490 911 1532; x_wconf 91' lang='lat'><strong>10</strong></span> 
     </span>
     <span class='ocr_line' id='line_1_11' title="bbox 160 1573 874 1650; baseline 0 -16"><span class='ocrx_word' id='word_1_62' title='bbox 160 1573 266 1634; x_wconf 85' lang='lat' dir='ltr'><strong>Multa</strong></span> <span class='ocrx_word' id='word_1_63' title='bbox 286 1573 385 1650; x_wconf 86' lang='lat' dir='ltr'><strong>igitur</strong></span> <span class='ocrx_word' id='word_1_64' title='bbox 405 1573 490 1634; x_wconf 90' lang='lat' dir='ltr'><strong>intra</strong></span> <span class='ocrx_word' id='word_1_65' title='bbox 510 1591 548 1634; x_wconf 96' lang='lat' dir='ltr'><strong>se</strong></span> <span class='ocrx_word' id='word_1_66' title='bbox 569 1573 734 1636; x_wconf 91' lang='lat' dir='ltr'><strong>admirans</strong></span> <span class='ocrx_word' id='word_1_67' title='bbox 755 1584 787 1634; x_wconf 93' lang='lat' dir='ltr'><strong>et</strong></span> <span class='ocrx_word' id='word_1_68' title='bbox 811 1575 874 1634; x_wconf 87' lang='lat' dir='ltr'><strong>Do-</strong></span> 
     </span>
     <span class='ocr_line' id='line_1_12' title="bbox 118 1671 874 1750; baseline -0.001 -17"><span class='ocrx_word' id='word_1_69' title='bbox 118 1672 208 1734; x_wconf 92' lang='lat' dir='ltr'><strong>mino</strong></span> <span class='ocrx_word' id='word_1_70' title='bbox 231 1673 459 1750; x_wconf 85' lang='lat' dir='ltr'><strong>congratulans</strong></span> <span class='ocrx_word' id='word_1_71' title='bbox 481 1688 555 1732; x_wconf 92' lang='lat' dir='ltr'><strong>cum</strong></span> <span class='ocrx_word' id='word_1_72' title='bbox 578 1689 694 1748; x_wconf 86' lang='lat' dir='ltr'><strong>magno</strong></span> <span class='ocrx_word' id='word_1_73' title='bbox 710 1671 874 1733; x_wconf 87' lang='lat' dir='ltr'><strong>desiderio</strong></span> 
     </span>
     <span class='ocr_line' id='line_1_13' title="bbox 118 1769 875 1847; baseline -0.001 -17"><span class='ocrx_word' id='word_1_74' title='bbox 118 1769 241 1847; x_wconf 87' lang='lat' dir='ltr'><strong>optavit</strong></span> <span class='ocrx_word' id='word_1_75' title='bbox 262 1769 360 1830; x_wconf 86' lang='lat' dir='ltr'><strong>etiam</strong></span> <span class='ocrx_word' id='word_1_76' title='bbox 383 1785 480 1829; x_wconf 91' lang='lat' dir='ltr'><strong>suum</strong></span> <span class='ocrx_word' id='word_1_77' title='bbox 504 1769 681 1830; x_wconf 90' lang='lat' dir='ltr'><strong>Dominum</strong></span> <span class='ocrx_word' id='word_1_78' title='bbox 704 1769 816 1830; x_wconf 90' lang='lat' dir='ltr'><strong>videre</strong></span> <span class='ocrx_word' id='word_1_79' title='bbox 842 1779 875 1830; x_wconf 91' lang='lat' dir='ltr'><strong>et</strong></span> 
     </span>
     <span class='ocr_line' id='line_1_14' title="bbox 118 1865 874 1944; baseline 0.001 -17"><span class='ocrx_word' id='word_1_80' title='bbox 118 1867 180 1928; x_wconf 92' lang='lat' dir='ltr'><strong>sibi</strong></span> <span class='ocrx_word' id='word_1_81' title='bbox 204 1883 371 1944; x_wconf 90' lang='lat' dir='ltr'><strong>apparere,</strong></span> <span class='ocrx_word' id='word_1_82' title='bbox 393 1865 478 1927; x_wconf 88' lang='lat' dir='ltr'><strong>sicut</strong></span> <span class='ocrx_word' id='word_1_83' title='bbox 500 1867 648 1943; x_wconf 91' lang='lat' dir='ltr'><strong>apparuit</strong></span> <span class='ocrx_word' id='word_1_84' title='bbox 676 1866 782 1944; x_wconf 90' lang='lat' dir='ltr'><strong>primo</strong></span> <span class='ocrx_word' id='word_1_85' title='bbox 804 1868 874 1928; x_wconf 83' lang='lat' dir='ltr'><strong>Ma·</strong></span> 
     </span>
     <span class='ocr_line' id='line_1_15' title="bbox 118 1963 910 2042; baseline -0.001 -17"><span class='ocrx_word' id='word_1_86' title='bbox 118 1965 186 2025; x_wconf 90' lang='lat' dir='ltr'><strong>riae</strong></span> <span class='ocrx_word' id='word_1_87' title='bbox 218 1963 440 2041; x_wconf 74' lang='lat' dir='ltr'><strong>magdalenae.</strong></span> <span class='ocrx_word' id='word_1_88' title='bbox 492 1963 541 2024; x_wconf 92' lang='lat' dir='ltr'><strong>Sit</strong></span> <span class='ocrx_word' id='word_1_89' title='bbox 571 1964 626 2024; x_wconf 90' lang='lat' dir='ltr'><strong>illa</strong></span> <span class='ocrx_word' id='word_1_90' title='bbox 655 1965 760 2042; x_wconf 91' lang='lat' dir='ltr'><strong>prima</strong></span> <span class='ocrx_word' id='word_1_91' title='bbox 790 1965 910 2026; x_wconf 76' lang='lat' dir='ltr'><strong>interis</strong></span> 
     </span>
     <span class='ocr_line' id='line_1_16' title="bbox 119 2060 874 2138; baseline 0.003 -16"><span class='ocrx_word' id='word_1_92' title='bbox 119 2061 294 2137; x_wconf 92' lang='lat' dir='ltr'><strong>mulieres,</strong></span> <span class='ocrx_word' id='word_1_93' title='bbox 323 2060 385 2121; x_wconf 93' lang='lat' dir='ltr'><strong>sim</strong></span> <span class='ocrx_word' id='word_1_94' title='bbox 407 2079 467 2138; x_wconf 88' lang='lat' dir='ltr'><strong>ego</strong></span> <span class='ocrx_word' id='word_1_95' title='bbox 489 2062 656 2122; x_wconf 91' lang='lat' dir='ltr'><strong>secundus</strong></span> <span class='ocrx_word' id='word_1_96' title='bbox 677 2064 730 2123; x_wconf 90' lang='lat' dir='ltr'><strong>vel</strong></span> <span class='ocrx_word' id='word_1_97' title='bbox 758 2064 874 2124; x_wconf 87' lang='lat' dir='ltr'><strong>tertius</strong></span> 
     </span>
     <span class='ocr_line' id='line_1_17' title="bbox 118 2158 874 2237; baseline 0.003 -18"><span class='ocrx_word' id='word_1_98' title='bbox 118 2159 206 2220; x_wconf 90' lang='lat' dir='ltr'><strong>inter</strong></span> <span class='ocrx_word' id='word_1_99' title='bbox 232 2158 321 2219; x_wconf 91' lang='lat' dir='ltr'><strong>viros</strong></span> <span class='ocrx_word' id='word_1_100' title='bbox 349 2169 404 2220; x_wconf 91' lang='lat' dir='ltr'><strong>aut</strong></span> <span class='ocrx_word' id='word_1_101' title='bbox 432 2159 567 2220; x_wconf 90' lang='lat' dir='ltr'><strong>ultimus</strong></span> <span class='ocrx_word' id='word_1_102' title='bbox 593 2159 679 2220; x_wconf 92' lang='lat' dir='ltr'><strong>inter</strong></span> <span class='ocrx_word' id='word_1_103' title='bbox 709 2161 874 2237; x_wconf 89' lang='lat' dir='ltr'><strong>apostolos</strong></span> 
     </span>
     <span class='ocr_line' id='line_1_18' title="bbox 118 2255 872 2333; baseline 0.003 -17"><span class='ocrx_word' id='word_1_104' title='bbox 118 2265 151 2317; x_wconf 92' lang='lat' dir='ltr'><strong>et</strong></span> <span class='ocrx_word' id='word_1_105' title='bbox 172 2255 352 2333; x_wconf 90' lang='lat' dir='ltr'><strong>discipulos</strong></span> <span class='ocrx_word' id='word_1_106' title='bbox 373 2257 455 2318; x_wconf 90' lang='lat' dir='ltr'><strong>eius.</strong></span> <span class='ocrx_word' id='word_1_107' title='bbox 497 2256 667 2332; x_wconf 81' lang='lat' dir='ltr'><strong>Attamen,</strong></span> <span class='ocrx_word' id='word_1_108' title='bbox 696 2258 782 2333; x_wconf 94' lang='lat' dir='ltr'><strong>quod</strong></span> <span class='ocrx_word' id='word_1_109' title='bbox 811 2257 872 2318; x_wconf 91' lang='lat' dir='ltr'><strong>sibi</strong></span> 
     </span>
     <span class='ocr_line' id='line_1_19' title="bbox 117 2353 874 2429; baseline 0.001 -15"><span class='ocrx_word' id='word_1_110' title='bbox 117 2355 240 2414; x_wconf 92' lang='lat' dir='ltr'><strong>bonum</strong></span> <span class='ocrx_word' id='word_1_111' title='bbox 262 2353 392 2414; x_wconf 91' lang='lat' dir='ltr'><strong>videtur</strong></span> <span class='ocrx_word' id='word_1_112' title='bbox 413 2363 445 2414; x_wconf 90' lang='lat' dir='ltr'><strong>et</strong></span> <span class='ocrx_word' id='word_1_113' title='bbox 473 2362 615 2429; x_wconf 92' lang='lat' dir='ltr'><strong>rectum,</strong></span> <span class='ocrx_word' id='word_1_114' title='bbox 645 2354 699 2414; x_wconf 87' lang='lat' dir='ltr'><strong>iiat</strong></span> <span class='ocrx_word' id='word_1_115' title='bbox 720 2354 800 2415; x_wconf 94' lang='lat' dir='ltr'><strong>mihi</strong></span> <span class='ocrx_word' id='word_1_116' title='bbox 823 2372 874 2415; x_wconf 94' lang='lat' dir='ltr'><strong>se·</strong></span> 
     </span>
     <span class='ocr_line' id='line_1_20' title="bbox 118 2451 909 2528; baseline 0.001 -16"><span class='ocrx_word' id='word_1_117' title='bbox 118 2452 261 2513; x_wconf 91' lang='lat' dir='ltr'><strong>cundum</strong></span> <span class='ocrx_word' id='word_1_118' title='bbox 283 2451 523 2528; x_wconf 89' lang='lat' dir='ltr'><strong>beneplacitum</strong></span> <span class='ocrx_word' id='word_1_119' title='bbox 546 2468 642 2511; x_wconf 92' lang='lat' dir='ltr'><strong>suum</strong></span> <span class='ocrx_word' id='word_1_120' title='bbox 665 2469 723 2528; x_wconf 91' lang='lat' dir='ltr'><strong>pro</strong></span> <span class='ocrx_word' id='word_1_121' title='bbox 745 2451 909 2513; x_wconf 81' lang='lat' dir='ltr'><strong>animaeao</strong></span> 
     </span>
     <span class='ocr_line' id='line_1_21' title="bbox 117 2549 873 2611; baseline 0.001 -1"><span class='ocrx_word' id='word_1_122' title='bbox 117 2567 211 2611; x_wconf 92' lang='lat' dir='ltr'><strong>meae</strong></span> <span class='ocrx_word' id='word_1_123' title='bbox 233 2551 347 2610; x_wconf 90' lang='lat' dir='ltr'><strong>salute.</strong></span> <span class='ocrx_word' id='word_1_124' title='bbox 378 2550 539 2610; x_wconf 88' lang='lat' dir='ltr'><strong>Desidero</strong></span> <span class='ocrx_word' id='word_1_125' title='bbox 562 2549 747 2611; x_wconf 90' lang='lat' dir='ltr'><strong>cordialiter</strong></span> <span class='ocrx_word' id='word_1_126' title='bbox 763 2550 873 2611; x_wconf 87' lang='lat' dir='ltr'><strong>Domi-</strong></span> 
     </span>
     <span class='ocr_line' id='line_1_22' title="bbox 117 2647 974 2724; baseline -0.002 -15"><span class='ocrx_word' id='word_1_127' title='bbox 117 2665 197 2709; x_wconf 92' lang='lat' dir='ltr'><strong>num</strong></span> <span class='ocrx_word' id='word_1_128' title='bbox 224 2665 334 2709; x_wconf 91' lang='lat' dir='ltr'><strong>meum</strong></span> <span class='ocrx_word' id='word_1_129' title='bbox 356 2647 469 2708; x_wconf 89' lang='lat' dir='ltr'><strong>videre</strong></span> <span class='ocrx_word' id='word_1_130' title='bbox 499 2657 531 2708; x_wconf 91' lang='lat' dir='ltr'><strong>et</strong></span> <span class='ocrx_word' id='word_1_131' title='bbox 559 2647 621 2707; x_wconf 90' lang='lat' dir='ltr'><strong>sibi</strong></span> <span class='ocrx_word' id='word_1_132' title='bbox 650 2647 795 2724; x_wconf 84' lang='lat' dir='ltr'><strong>perfecte</strong></span> <span class='ocrx_word' id='word_1_133' title='bbox 824 2665 873 2708; x_wconf 90' lang='lat' dir='ltr'><strong>re·</strong></span> <span class='ocrx_word' id='word_1_134' title='bbox 973 2673 974 2678; x_wconf 42' lang='lat'>¹</span> 
     </span>
     <span class='ocr_line' id='line_1_23' title="bbox 118 2744 873 2807; baseline -0.001 0"><span class='ocrx_word' id='word_1_135' title='bbox 118 2745 286 2807; x_wconf 90' lang='lat' dir='ltr'><strong>conciliari</strong></span> <span class='ocrx_word' id='word_1_136' title='bbox 316 2754 348 2806; x_wconf 92' lang='lat' dir='ltr'><strong>et</strong></span> <span class='ocrx_word' id='word_1_137' title='bbox 369 2744 480 2805; x_wconf 90' lang='lat' dir='ltr'><strong>verbis</strong></span> <span class='ocrx_word' id='word_1_138' title='bbox 509 2745 576 2805; x_wconf 90' lang='lat' dir='ltr'><strong>oris</strong></span> <span class='ocrx_word' id='word_1_139' title='bbox 598 2744 670 2804; x_wconf 89' lang='lat' dir='ltr'><strong>eius</strong></span> <span class='ocrx_word' id='word_1_140' title='bbox 701 2744 873 2806; x_wconf 90' lang='lat' dir='ltr'><strong>consolari.</strong></span> 
     </span>
     <span class='ocr_line' id='line_1_24' title="bbox 117 2843 873 2920; baseline 0 -16"><span class='ocrx_word' id='word_1_141' title='bbox 117 2843 260 2905; x_wconf 92' lang='lat' dir='ltr'><strong>Veniant</strong></span> <span class='ocrx_word' id='word_1_142' title='bbox 274 2843 366 2920; x_wconf 91' lang='lat' dir='ltr'><strong>mihi,</strong></span> <span class='ocrx_word' id='word_1_143' title='bbox 382 2843 534 2919; x_wconf 88' lang='lat' dir='ltr'><strong>Domine,</strong></span> <span class='ocrx_word' id='word_1_144' title='bbox 549 2843 777 2904; x_wconf 89' lang='lat' dir='ltr'><strong>miserationes</strong></span> <span class='ocrx_word' id='word_1_145' title='bbox 788 2853 873 2920; x_wconf 92' lang='lat' dir='ltr'><strong>tuae,</strong></span> 
     </span>
     <span class='ocr_line' id='line_1_25' title="bbox 117 2940 909 3018; baseline 0.001 -16"><span class='ocrx_word' id='word_1_146' title='bbox 117 2950 150 3002; x_wconf 92' lang='lat' dir='ltr'><strong>et</strong></span> <span class='ocrx_word' id='word_1_147' title='bbox 164 2940 272 3002; x_wconf 89' lang='lat' dir='ltr'><strong>vivam</strong></span> <span class='ocrx_word' id='word_1_148' title='bbox 288 2952 320 3003; x_wconf 93' lang='lat' dir='ltr'><strong>et</strong></span> <span class='ocrx_word' id='word_1_149' title='bbox 335 2942 375 3003; x_wconf 92' lang='lat' dir='ltr'><strong>de</strong></span> <span class='ocrx_word' id='word_1_150' title='bbox 391 2959 444 3002; x_wconf 92' lang='lat' dir='ltr'><strong>me</strong></span> <span class='ocrx_word' id='word_1_151' title='bbox 459 2942 531 3018; x_wconf 89' lang='lat' dir='ltr'><strong>ipso</strong></span> <span class='ocrx_word' id='word_1_152' title='bbox 546 2941 686 3018; x_wconf 90' lang='lat' dir='ltr'><strong>amplius</strong></span> <span class='ocrx_word' id='word_1_153' title='bbox 701 2957 766 3001; x_wconf 93' lang='lat' dir='ltr'><strong>non</strong></span> <span class='ocrx_word' id='word_1_154' title='bbox 782 2958 909 3017; x_wconf 67' lang='lat' dir='ltr'><strong>prae-as</strong></span> 
     </span>
     <span class='ocr_line' id='line_1_26' title="bbox 116 3038 873 3117; baseline -0.001 -18"><span class='ocrx_word' id='word_1_155' title='bbox 116 3056 255 3100; x_wconf 91' lang='lat' dir='ltr'><strong>sumam.</strong></span> <span class='ocrx_word' id='word_1_156' title='bbox 297 3039 478 3116; x_wconf 83' lang='lat' dir='ltr'><strong>Memento,</strong></span> <span class='ocrx_word' id='word_1_157' title='bbox 499 3056 632 3117; x_wconf 89' lang='lat' dir='ltr'><strong>quaeso,</strong></span> <span class='ocrx_word' id='word_1_158' title='bbox 654 3038 762 3098; x_wconf 90' lang='lat' dir='ltr'><strong>omnis</strong></span> <span class='ocrx_word' id='word_1_159' title='bbox 784 3055 873 3099; x_wconf 94' lang='lat' dir='ltr'><strong>man·</strong></span> 
     </span>
     <span class='ocr_line' id='line_1_27' title="bbox 117 3135 871 3212; baseline -0.001 -16"><span class='ocrx_word' id='word_1_160' title='bbox 117 3135 303 3197; x_wconf 91' lang='lat' dir='ltr'><strong>suetudinis</strong></span> <span class='ocrx_word' id='word_1_161' title='bbox 317 3144 393 3196; x_wconf 91' lang='lat' dir='ltr'><strong>tuae</strong></span> <span class='ocrx_word' id='word_1_162' title='bbox 408 3145 440 3196; x_wconf 91' lang='lat' dir='ltr'><strong>et</strong></span> <span class='ocrx_word' id='word_1_163' title='bbox 451 3145 582 3197; x_wconf 90' lang='lat' dir='ltr'><strong>sanctae</strong></span> <span class='ocrx_word' id='word_1_164' title='bbox 593 3135 760 3211; x_wconf 78' lang='lat' dir='ltr'><strong>orationiS,</strong></span> <span class='ocrx_word' id='word_1_165' title='bbox 775 3153 871 3212; x_wconf 92' lang='lat' dir='ltr'><strong>quam</strong></span> 
     </span>
     <span class='ocr_line' id='line_1_28' title="bbox 116 3233 873 3311; baseline 0 -18"><span class='ocrx_word' id='word_1_166' title='bbox 116 3250 175 3310; x_wconf 91' lang='lat' dir='ltr'><strong>pro</strong></span> <span class='ocrx_word' id='word_1_167' title='bbox 198 3250 251 3294; x_wconf 92' lang='lat' dir='ltr'><strong>me</strong></span> <span class='ocrx_word' id='word_1_168' title='bbox 275 3233 361 3294; x_wconf 90' lang='lat' dir='ltr'><strong>Patri</strong></span> <span class='ocrx_word' id='word_1_169' title='bbox 384 3234 531 3295; x_wconf 91' lang='lat' dir='ltr'><strong>obtulisti</strong></span> <span class='ocrx_word' id='word_1_170' title='bbox 554 3243 586 3294; x_wconf 93' lang='lat' dir='ltr'><strong>et</strong></span> <span class='ocrx_word' id='word_1_171' title='bbox 614 3251 673 3311; x_wconf 89' lang='lat' dir='ltr'><strong>pro</strong></span> <span class='ocrx_word' id='word_1_172' title='bbox 695 3233 873 3310; x_wconf 88' lang='lat' dir='ltr'><strong>peccatori-</strong></span> 
     </span>
     <span class='ocr_line' id='line_1_29' title="bbox 80 3330 873 3408; baseline 0.004 -18"><span class='ocrx_word' id='word_1_173' title='bbox 80 3401 82 3408; x_wconf 18' lang='lat' dir='ltr'>y</span> <span class='ocrx_word' id='word_1_174' title='bbox 116 3331 178 3391; x_wconf 91' lang='lat' dir='ltr'><strong>bus</strong></span> <span class='ocrx_word' id='word_1_175' title='bbox 200 3330 234 3391; x_wconf 92' lang='lat' dir='ltr'><strong>in</strong></span> <span class='ocrx_word' id='word_1_176' title='bbox 257 3347 354 3391; x_wconf 89' lang='lat' dir='ltr'><strong>cruce</strong></span> <span class='ocrx_word' id='word_1_177' title='bbox 376 3332 507 3408; x_wconf 85' lang='lat' dir='ltr'><strong>rogasti.</strong></span> <span class='ocrx_word' id='word_1_178' title='bbox 548 3331 651 3408; x_wconf 93' lang='lat' dir='ltr'><strong>Veni,</strong></span> <span class='ocrx_word' id='word_1_179' title='bbox 679 3332 764 3392; x_wconf 91' lang='lat' dir='ltr'><strong>bone</strong></span> <span class='ocrx_word' id='word_1_180' title='bbox 787 3332 873 3408; x_wconf 92' lang='lat' dir='ltr'><strong>lesu,</strong></span> 
     </span>
     <span class='ocr_line' id='line_1_30' title="bbox 116 3428 908 3506; baseline 0.004 -17"><span class='ocrx_word' id='word_1_181' title='bbox 116 3438 149 3490; x_wconf 89' lang='lat' dir='ltr'><strong>et</strong></span> <span class='ocrx_word' id='word_1_182' title='bbox 176 3428 244 3490; x_wconf 93' lang='lat' dir='ltr'><strong>noli</strong></span> <span class='ocrx_word' id='word_1_183' title='bbox 273 3429 410 3490; x_wconf 88' lang='lat' dir='ltr'><strong>tardare.</strong></span> <span class='ocrx_word' id='word_1_184' title='bbox 459 3428 507 3490; x_wconf 88' lang='lat' dir='ltr'><strong>Tu</strong></span> <span class='ocrx_word' id='word_1_185' title='bbox 536 3447 613 3506; x_wconf 88' lang='lat' dir='ltr'><strong>spes</strong></span> <span class='ocrx_word' id='word_1_186' title='bbox 643 3447 716 3490; x_wconf 90' lang='lat' dir='ltr'><strong>mea</strong></span> <span class='ocrx_word' id='word_1_187' title='bbox 746 3439 778 3490; x_wconf 88' lang='lat' dir='ltr'><strong>et</strong></span> <span class='ocrx_word' id='word_1_188' title='bbox 806 3439 908 3496; x_wconf 70' lang='lat' dir='ltr'><strong>totaso</strong></span> 
     </span>
    </p>
   </div>
   <div class='ocr_carea' id='block_1_3' title="bbox 116 3526 872 3675">
    <p class='ocr_par' dir='ltr' id='par_1_3' title="bbox 116 3526 872 3675">
     <span class='ocr_line' id='line_1_31' title="bbox 116 3526 872 3604; baseline -0.001 -16"><span class='ocrx_word' id='word_1_189' title='bbox 116 3528 206 3588; x_wconf 90' lang='lat' dir='ltr'><strong>salus</strong></span> <span class='ocrx_word' id='word_1_190' title='bbox 234 3527 363 3587; x_wconf 91' lang='lat' dir='ltr'><strong>animae</strong></span> <span class='ocrx_word' id='word_1_191' title='bbox 392 3543 494 3587; x_wconf 93' lang='lat' dir='ltr'><strong>meae.</strong></span> <span class='ocrx_word' id='word_1_192' title='bbox 544 3526 692 3589; x_wconf 91' lang='lat' dir='ltr'><strong>Ostende</strong></span> <span class='ocrx_word' id='word_1_193' title='bbox 720 3537 752 3588; x_wconf 90' lang='lat' dir='ltr'><strong>te</strong></span> <span class='ocrx_word' id='word_1_194' title='bbox 781 3527 872 3604; x_wconf 90' lang='lat' dir='ltr'><strong>mihi,</strong></span> 
     </span>
     <span class='ocr_line' id='line_1_32' title="bbox 475 3631 514 3675; baseline -0.051 0"><span class='ocrx_word' id='word_1_195' title='bbox 475 3631 514 3675; x_wconf 76' lang='lat' dir='ltr'><strong>an</strong></span> 
     </span>
    </p>
   </div>
   <div class='ocr_carea' id='block_1_4' title="bbox 0 0 1102 4180">
    <p class='ocr_par' dir='ltr' id='par_1_4' title="bbox 0 0 1102 4180">
     <span class='ocr_line' id='line_1_33' title="bbox 0 0 1102 4180; baseline 0 1"><span class='ocrx_word' id='word_1_196' title='bbox 0 0 1102 4180; x_wconf 95' lang='lat' dir='ltr'><strong> </strong></span> 
     </span>
    </p>
   </div>
  </div>
 </body>
</html>
