2142 4172
98 458 838 573 &ussaw

87 651 224 728 gustasti
236 661 268 712 et
279 651 434 728 reliquias
445 650 527 725 eius,
542 659 578 709 ut
587 659 695 710 tecum
712 650 847 711 ederent

87 759 120 809 ct
141 749 329 826 gauderent,
350 747 492 825 gloriosa
514 764 611 808 manu
627 757 682 809 tua
703 748 752 808 eis
773 766 846 825 por-

87 846 218 922 rexisti3
245 846 345 906 verba
374 862 466 905 sacra
494 861 535 904 ex
563 845 734 922 scripturis
761 845 847 906 inter

86 943 202 1020 epulas
225 943 371 1019 corporis
391 942 566 1020 protulisti,
590 943 687 1003 dubia
708 942 846 1018 solvisti,

84 1041 226 1100 obscura
236 1041 418 1116 declarasti,
432 1040 634 1100 intellectum
645 1040 869 1116 illuminastis

86 1139 244 1199 affectum
267 1137 444 1199 accendisti
467 1147 499 1198 ct
521 1138 678 1215 quidquid
695 1155 846 1199 necessa·

87 1236 174 1296 rium
197 1245 229 1297 et
250 1237 380 1297 salubre
402 1244 487 1311 erat,
512 1236 650 1297 docuisti
673 1245 705 1296 et
726 1237 776 1297 eis
797 1255 846 1297 re-

86 1333 214 1394 velasti.
244 1335 382 1410 lnsuper
403 1335 476 1394 data
489 1351 569 1411 pace
586 1334 662 1394 bina
675 1335 748 1395 vice
771 1353 844 1395 cum

85 1431 315 1492 benedictione
345 1431 476 1492 caelesti
499 1431 601 1509 gavisi
631 1441 708 1492 sunt
728 1431 844 1509 gaudio

85 1546 205 1606 magno
221 1529 314 1589 valde
329 1528 401 1589 viso
418 1528 559 1589 Domino
576 1530 647 1589 Deo
668 1546 738 1604 suo,
760 1529 845 1590 sicut
856 1548 881 1590 to

86 1626 166 1686 olim
189 1636 256 1687 tres
277 1626 361 1703 magi
380 1626 451 1686 visa
472 1627 566 1686 stella
587 1626 620 1686 in
643 1627 734 1686 caelo
755 1627 843 1686 omni

86 1725 206 1785 timore
228 1734 261 1785 et
282 1725 379 1785 dubio
401 1724 532 1801 penitus
553 1725 617 1785 iam
640 1725 783 1785 excluso.

130 1823 274 1899 Moxque
303 1823 342 1882 ad
371 1822 618 1883 confortandum
648 1840 706 1883 eos
733 1833 844 1884 contra

86 1936 204 1979 omnes
233 1919 437 1980 adversarios
465 1918 615 1979 infideles
638 1929 669 1980 et
694 1921 844 1998 proprios

87 2035 246 2078 excessus
268 2017 425 2078 delendos
446 2017 622 2078 insufflasti
648 2018 681 2078 in
704 2018 879 2096 eisgra·1s

86 2116 165 2176 tiam
182 2115 322 2192 Spiritus
337 2115 440 2176 sancti
457 2115 586 2176 dicens:
609 2114 756 2193 Accipite
773 2116 843 2193 Spi-

87 2213 186 2273 ritum
202 2223 349 2274 sanctum
365 2213 398 2273 in
409 2212 503 2273 vobis
518 2230 576 2290 pro
592 2213 677 2273 dono
692 2214 843 2290 maximo,

86 2310 143 2388 qui
167 2311 346 2388 reliquistis
368 2310 494 2387 omnia,
515 2328 598 2388 quae
621 2309 751 2372 suntin
774 2329 843 2372 sae·

87 2408 173 2483 culo,
194 2425 252 2485 pro
273 2408 406 2469 nominc
424 2425 507 2469 meo.
538 2408 686 2485 Quorum
710 2410 843 2470 remise-

87 2506 160 2566 ritis
181 2516 322 2582 peccata,
344 2506 552 2567 remittuntur
574 2506 633 2582 eis,
655 2516 687 2567 et
704 2524 879 2584 quorumao

87 2605 299 2681 retinueritis,
321 2614 447 2665 retenta
468 2615 553 2665 sunt.

129 2704 157 2765 Ο
186 2720 263 2794 igere
292 2719 388 2779 quam
420 2719 535 2779 magna
562 2703 663 2780 gratia
691 2704 763 2763 data
793 2713 843 2764 est

86 2800 244 2877 apostolis
254 2817 313 2876 per
322 2799 579 2860 insufflationem
590 2801 692 2861 sancti
702 2801 843 2877 Spiritus

86 2918 128 2961 ex
149 2917 206 2960 ore
222 2899 347 2961 Christi
371 2898 606 2975 resurgentisa
626 2899 764 2958 mortuis
785 2916 843 2975 per

85 2998 221 3077 gloriam
238 2995 353 3071 Patris,
372 3005 409 3055 ut
428 3012 494 3055 non
517 2997 622 3056 solum
646 2997 686 3056 de
708 3013 744 3056 se
761 2997 879 3073 ipsis2⁵

85 3105 199 3158 essent
221 3093 328 3154 securi
358 3101 391 3152 et
413 3110 432 3152 a
453 3093 595 3169 peccatis
617 3093 768 3153 omnibus
791 3096 843 3154 ab·

85 3195 196 3270 soluti,
211 3195 379 3256 sedetiam
396 3195 553 3255 haberent
564 3195 693 3271 plenam
704 3204 844 3270 potcsta-

86 3305 152 3355 tem
184 3295 266 3356 alios
298 3315 316 3356 a
343 3296 485 3372 peccatis
514 3295 703 3356 absolvendi
736 3303 767 3354 ct
795 3293 843 3353 in·

85 3391 202 3468 dignos
214 3391 391 3468 repellendi
403 3408 544 3467 reosque
557 3390 686 3468 ligandi.
705 3391 733 3452 Ο
746 3409 841 3468 quam

85 3489 252 3566 praeclara
273 3488 361 3564 dies,
389 3505 485 3565 quam
509 3487 587 3548 felix
610 3490 690 3548 hora
711 3499 878 3565 vesper-³⁰

85 3587 163 3660 tina,
178 3587 307 3663 quando
320 3586 409 3646 venit
425 3587 519 3646 lesus
533 3585 572 3645 ad
588 3586 751 3662 apostolos
767 3602 840 3645 cum

446 3691 487 3734 aas
