2194 4180
110 391 853 504 Qsssso‘fflbmefflffi

102 584 323 644 est-dilectus
354 598 464 657 meus,
495 590 528 641 et
557 580 628 657 ipse
657 590 707 641 est
733 578 857 639 amicus

103 697 215 756 meus,
246 679 331 740 filiae
354 679 549 755 Ierusalem,
577 677 684 738 ethic
707 688 757 739 est
783 677 857 738 finis

103 777 325 838 defunctionis
355 777 441 853 eius,
469 794 527 853 pro
555 793 620 853 quo
642 776 669 836 si
692 777 860 836 occiderer

104 875 252 952 miliens,
284 892 350 936 non
382 883 470 935 esset
501 874 660 950 condigna
690 874 858 934 retributio

104 972 248 1034 caritatis
269 972 368 1034 illius.
865 989 880 1031 s

145 1070 175 1133 0
199 1071 389 1131 dulcissime
412 1071 497 1146 Iesu,
520 1071 706 1146 redemptor
733 1069 860 1130 animae

106 1185 209 1244 meae,
231 1167 305 1244 quis
327 1166 407 1227 mibi
438 1167 557 1228 tribuat
578 1176 686 1227 tecum
716 1166 797 1226 mori
826 1166 860 1226 in

17 1303 18 1328 ;
107 1284 215 1343 cruce,
236 1275 345 1326 tecum
367 1264 475 1325 sortiri
505 1274 570 1324 tam
593 1263 723 1324 felicem
747 1265 860 1323 horam

17 1357 18 1370 ff
105 1364 138 1426 in
163 1380 299 1441 egressu
322 1363 362 1423 de
387 1363 550 1439 corpore?
592 1361 739 1424 Obsecro
767 1371 799 1422 te
821 1378 862 1421 ex

17 1469 20 1484 '
105 1463 183 1524 totis
204 1460 405 1539 praecordiis
427 1461 527 1536 meis,
558 1462 700 1521 concede
725 1458 804 1520 mibi
827 1458 897 1524 inro

106 1562 170 1620 hoc
193 1559 298 1636 fragili
322 1559 515 1636 corpusculo
538 1558 586 1618 sic
606 1559 719 1618 vivere
741 1567 773 1618 et
795 1574 862 1617 om·

106 1674 168 1718 nes
199 1667 291 1718 actus
322 1673 414 1717 meos
444 1656 566 1734 pariter
594 1664 625 1716 et
653 1656 791 1716 affectus
812 1671 863 1714 se·

17 1749 18 1764 ¹
108 1755 251 1815 cundum
274 1754 627 1831 tuumbeneplacitum
650 1753 800 1830 dirigere,
828 1761 863 1811 ut

17 1915 18 1922 χ
108 1853 141 1913 in
174 1861 259 1913 statu
287 1851 409 1928 gratiae
441 1868 573 1912 cursum
605 1869 714 1912 meum
745 1867 862 1928 queam

17 2015 18 2024 χ
109 1966 339 2010 consummare
360 1959 393 2009 et
414 1950 453 2009 ad
475 1959 627 2010 aeternae
654 1948 900 2016 beatitudinisrs

17 2031 25 2068 '
109 2047 258 2108 bravium
286 2056 360 2124 post
378 2047 477 2122 'varia
504 2047 751 2124 temptationum
780 2045 864 2123 peri-

110 2146 184 2206 cula
204 2144 388 2222 pervenire.

264 2320 535 2399 [CAPITVLVM
560 2321 706 2398 XXXII.]

110 2453 157 2513 De
177 2453 249 2513 dira
273 2455 494 2533 perforatione
520 2454 731 2516 sacratissimi
757 2452 866 2514 lateris

184 2552 317 2614 Domini
337 2554 408 2614 lesa
425 2557 502 2629 post
522 2569 681 2614 excessum
702 2552 797 2613 vitae.
875 2561 902 2603 2⁰

113 2672 359 2893 &medico
381 2741 414 2792 et
427 2732 547 2808 gratias
562 2750 620 2809 ago
636 2732 704 2809 tibi,
727 2731 867 2792 Domine

244 2828 318 2890 Iesu
342 2829 486 2907 Christe,
509 2831 583 2891 fons
611 2829 868 2907 inextinguibilis

113 2923 256 2983 caritatis
278 2934 310 2985 et
331 2928 463 3004 gratiae,
484 2945 542 3005 pro
565 2929 635 2989 dira
649 2927 868 3006 perforatione

114 3020 325 3083 sacratissimi
349 3025 460 3085 lateris
480 3027 528 3087 tui
549 3036 623 3103 post
650 3028 736 3088 vitae
758 3043 869 3088 exces-

115 3135 197 3178 sum.
226 3116 318 3181 Tunc
333 3123 432 3200 enim,
451 3132 638 3184 sanctorum
653 3122 870 3197 sanctissime,
879 3141 906 3183 25

115 3217 153 3277 ab
175 3234 241 3278 uno
264 3233 304 3276 ex
326 3217 484 3278 militibus
508 3228 573 3279 tam
596 3219 702 3280 valide
725 3217 814 3278 fuisti
836 3217 870 3276 in

18 3355 19 3358 κ
116 3313 249 3375 dextera
269 3323 324 3375 tua
345 3315 458 3376 lancea
480 3315 610 3376 militari
640 3331 818 3392 percussus
839 3323 871 3374 et

116 3411 309 3489 transfixus,
338 3422 374 3473 ut
403 3413 480 3474 ferri
510 3430 648 3473 acumen
676 3413 788 3473 intima
816 3422 871 3473 tua

117 3520 307 3585 penetrante
337 3512 445 3571 cordis
473 3512 519 3572 tui
551 3510 804 3572 teneritudinem
827 3521 871 3572 at-

473 3617 510 3658 ros
723 3617 764 3658 rs*
