2152 4174
208 358 970 476 wambanem&

258 554 428 631 Principes
450 570 528 614 vero
551 554 756 614 sacerdotum
775 570 848 613 cum
865 551 973 613 senio·

218 652 308 713 ribus
338 661 370 713 et
404 652 540 727 scribis,
575 652 630 729 qui
667 652 821 728 populum
858 667 974 728 regere
1063 641 1064 654 ¹

216 751 410 811 videbantur
431 759 462 810 et
484 750 565 810 alios
588 767 606 808 a
624 747 746 809 malitia
762 764 974 823 compescere

217 848 391 923 debebant,
413 847 532 908 ceteris
554 846 743 924 perversius
764 845 974 905 insultabant.

193 946 300 1008 sNam
330 962 370 1005 ex
398 945 536 1005 adverso
566 944 673 1005 crucis
704 943 845 1020 superbo
877 943 974 1002 oculo

216 1052 248 1102 et
263 1053 373 1103 erecto
389 1041 472 1103 collo
486 1042 623 1118 stabant,
638 1040 838 1118 proterve'in
855 1039 973 1100 laciem

215 1150 303 1201 tuam
333 1140 540 1218 aspicientes.
584 1139 622 1199 Et
644 1139 795 1199 ludentes
816 1140 856 1199 ad
879 1138 975 1198 alter·

216 1247 324 1298 utrum
354 1237 503 1315 indignas
532 1237 625 1298 valde
654 1236 875 1313 blasphemias
898 1253 975 1296 evo-

216 1335 356 1396 mebant.
384 1333 488 1409 Alios,
510 1333 672 1411 inquiunt,
694 1333 803 1393 salvos
826 1332 915 1407 lecit,
938 1350 975 1393 se

181 1432 323 1509 roipsum
346 1448 411 1492 non
434 1440 541 1509 potest
563 1432 689 1491 salvum
714 1431 832 1490 lacere.
874 1430 976 1508 Signa

215 1547 356 1606 namque
378 1528 535 1589 divinitus
556 1537 648 1607 gesta
663 1537 694 1589 et
709 1528 869 1588 beneficia
888 1528 975 1588 sani-

215 1635 315 1687 tatum
339 1627 411 1686 aliis
434 1627 614 1687 clementer
628 1627 777 1703 impensa
790 1627 876 1687 male
891 1627 974 1687 nite-

215 1725 332 1784 bantur
353 1724 558 1801 interpretari
588 1733 620 1784 et
644 1723 824 1797 offuscare,
853 1722 974 1799 quibus
1063 1795 1064 1808 χ

216 1838 346 1898 semper
381 1821 540 1882 invidisse
580 1830 770 1882 noscuntur.
827 1819 974 1882 Suadent
1063 1841 1064 1850 ¹

181 1944 205 1984 u
216 1919 352 1995 proinde
367 1919 563 1979 descensum
580 1920 620 1979 de
635 1936 743 1994 cruce,
766 1918 846 1978 lalse
869 1935 906 1978 se
928 1919 974 1979 di-

215 2025 292 2076 cunt
314 2016 398 2076 velle
419 2016 564 2091 credere,
586 2016 641 2093 qui
657 2025 745 2076 recte
761 2016 974 2076 credentibus

215 2113 392 2190 probantur
422 2114 554 2191 saepius
585 2114 829 2174 contradixisse.
888 2114 972 2174 Nam

215 2220 247 2270 et
278 2211 456 2270 maioribus
488 2210 582 2271 factis
612 2229 630 2271 a
661 2220 692 2271 te
724 2210 891 2271 miraculis
923 2228 974 2271 ca-

215 2309 355 2369 lumnias
382 2308 491 2385 potius
513 2318 717 2384 struxerunt,
747 2324 842 2384 quam
873 2307 972 2368 fidem

178 2407 344 2467 aodedere.
395 2406 469 2466 Non
499 2424 575 2484 ergo
604 2407 815 2467 intendebant
837 2406 974 2466 credere

215 2521 275 2564 nec
305 2506 442 2563 salutem
471 2504 654 2580 inquirere,
683 2504 741 2564 sed
767 2502 878 2562 verbis
907 2520 973 2562 ma-

214 2601 311 2678 lignis
353 2601 490 2661 irritare.
555 2603 695 2662 Demum
739 2601 852 2661 audaci
896 2619 973 2662 con·
1063 2649 1064 2670 n

214 2698 354 2758 tumacia
376 2697 477 2757 inflati
500 2698 658 2758 adversus
688 2697 890 2758 divinitatem
914 2699 973 2758 im·
1063 2743 1064 2754 ,

215 2796 267 2871 pia
296 2796 395 2856 verba
423 2795 583 2855 iactabant
612 2804 643 2856 et
671 2812 753 2855 voce
784 2795 974 2870 despectiva

178 2894 277 2954 25Dei
300 2892 402 2952 lilium
424 2901 456 2952 te
479 2893 679 2969 appellantes
695 2893 860 2954 dicebant:
884 2894 973 2956 Con·
1063 2925 1064 2932 2

215 2991 284 3050 lidit
306 2991 339 3050 in
362 2991 449 3065 Deo,
471 2990 587 3051 liberet
609 3007 701 3066 eum,
728 2991 755 3050 si
778 2992 863 3068 vult3
892 2992 973 3052 dixit

215 3088 313 3163 enim,
335 3088 411 3164 quia
433 3087 520 3148 lilius
543 3088 604 3148 Dei
627 3106 710 3148 sum.

255 3183 285 3245 O
298 3183 516 3245 crudelissimi
528 3193 560 3244 et
573 3185 740 3245 durissimi
756 3185 972 3246 insectatores

215 3281 272 3342 lilii
289 3281 362 3358 Dei,
384 3300 442 3343 cur
456 3298 522 3342 non
538 3282 660 3343 suflicit
675 3283 769 3343 vobis
784 3292 848 3343 tam
867 3284 972 3343 horri-

177 3379 312 3442 solicum
352 3388 558 3455 perpetrasse
593 3380 749 3458 flagitium
788 3380 971 3441 crucifixio·

215 3477 286 3553 nis,
328 3478 407 3554 quin
451 3478 556 3537 adhuc
596 3478 788 3539 sceleratius
827 3480 972 3554 peccatis

576 3581 614 3624 rsa
