2194 4180
99 630 190 688 mea,
220 611 277 672 tibi
300 610 418 671 melius
440 627 536 688 quam
567 609 646 670 mihi
678 619 770 685 nota,
801 618 856 669 aut

99 711 197 771 etiam
219 711 304 771 mala
318 708 520 769 conscientia
534 716 670 785 urgente
692 725 766 768 cum
789 722 856 766 me·

99 807 204 868 moria
225 805 335 866 iudicii
359 806 458 867 futuri
474 807 619 883 undique
640 823 693 867 me
713 814 855 866 terrente

97 914 232 982 propter
252 904 490 981 neglegentiam
519 913 552 964 et
579 903 778 981 tepiditatem
803 920 855 963 co·

98 1001 254 1061 tidianam
277 1001 310 1061 in
328 1002 441 1062 multis
456 1003 551 1063 bonis
567 1002 699 1063 omissis
715 1011 746 1062 et
761 1001 878 1062 vaniss

98 1099 188 1160 curis
218 1099 380 1160 admixtis.
432 1099 583 1177 Quaeso,
620 1099 777 1175 Domine,
813 1114 854 1158 ne

97 1199 272 1258 subtrahas
301 1213 432 1257 manum
461 1205 549 1258 tuam
579 1215 671 1258 ame
700 1197 733 1257 in
755 1197 855 1257 tribu-

98 1296 220 1357 latione
242 1313 331 1373 mea,
360 1314 378 1356 a
406 1297 566 1373 speranda
587 1296 684 1356 venia
707 1304 855 1372 peccato·

98 1410 171 1453 rum
203 1410 369 1470 meorum,
400 1394 458 1455 sed
493 1403 626 1471 propter
660 1393 853 1453 immensam

97 1489 306 1550 clementiam
328 1499 428 1566 tuam,
449 1491 538 1567 aperi
560 1490 641 1574 milri
664 1491 772 1551 sinum
795 1490 889 1551 miro

97 1587 300 1648 serationum
322 1596 462 1664 tuarum,
484 1605 568 1666 quae
590 1589 755 1649 asaeculo
777 1596 853 1649 sunt

97 1687 186 1747 etin
208 1696 377 1747 aeternum
406 1688 567 1748 durabunt
597 1704 698 1764 super
728 1703 853 1760 omneS,

96 1782 154 1859 qui
177 1800 217 1843 ex
238 1791 305 1844 toto
328 1783 426 1844 corde
448 1794 480 1844 te
501 1793 662 1860 quaerunt
690 1794 722 1845 et
744 1801 852 1844 amare

96 1880 294 1955 desiderant,
316 1898 353 1941 ac
375 1880 470 1941 solita
484 1880 604 1957 pietate
619 1881 852 1942 consolationis

95 1986 172 2036 tuae
186 1977 332 2052 gratiam,
353 1995 449 2054 quam
466 1995 675 2055 summopere
690 1979 852 2054 desidero,
864 1999 888 2040 ιε

95 2073 177 2134 mihi
201 2073 344 2136 retribue
373 2085 405 2136 et
434 2075 539 2136 flexus
568 2085 698 2136 sanctae
721 2075 852 2152 Magda-

96 2171 191 2230 lenae
213 2172 366 2247 precibus
388 2183 420 2234 et
442 2173 585 2234 lacrimis
611 2182 685 2249 post
713 2180 850 2232 mortem

96 2268 244 2343 corporis
275 2271 448 2331 salutarem
481 2273 591 2331 vultus
622 2271 667 2330 tui
697 2269 851 2330 laetitiam

96 2364 177 2424 mihi
201 2368 348 2429 ostende.
391 2368 509 2429 Amen.

285 2569 556 2648 [CAPITVLVM
580 2569 663 2648 1111.]
860 2595 888 2638 an

94 2703 143 2762 De
158 2704 283 2778 magnis
304 2705 423 2764 meritis
442 2709 475 2764 et
484 2705 661 2781 privilegiis
673 2704 850 2780 gratiarum

217 2801 331 2861 beatae
351 2802 478 2862 Mariae
498 2803 723 2879 Magdaleoue.

94 2896 342 3117 &medico
377 2963 409 3014 et
436 2953 555 3031 gratias
585 2973 644 3032 ago
671 2955 749 3031 tibi,
786 2956 850 3015 Do·

224 3051 314 3112 mine
337 3052 411 3112 lesu
434 3052 583 3126 Christe,
611 3053 762 3114 caelestis
785 3069 851 3113 me-

94 3147 179 3223 dice,
200 3147 255 3224 qui
274 3165 333 3225 pro
349 3149 529 3209 animarum
545 3159 728 3211 nostrarum
745 3151 886 3211 salute2⁵

93 3245 215 3306 venisti
238 3245 271 3305 in
294 3247 382 3306 hunc
403 3248 561 3307 mundum
576 3257 766 3324 peccatores
789 3250 850 3308 sal-

93 3361 154 3404 vos
176 3343 285 3404 facere
308 3355 340 3405 et
360 3361 419 3421 per
440 3345 671 3421 paenitentiam
701 3345 739 3406 ad
761 3354 793 3405 te
815 3346 848 3406 in

93 3458 231 3518 regnum
255 3443 419 3502 caelorum
442 3443 495 3519 pie
519 3460 683 3504 revocare.
727 3445 765 3504 Et
793 3443 848 3521 qui

93 3539 184 3598 nasci
208 3539 359 3616 dignatus
381 3556 417 3600 es
439 3541 479 3601 de
502 3542 606 3602 Maria
626 3541 762 3619 virgine,
783 3558 849 3602 non

454 3645 495 3688 aaa
701 3646 742 3688 ro·
