2152 4174
90 462 837 573 Qffusuaamffl

82 651 179 728 cepit.
224 651 322 711 Nulla
343 650 463 728 quippe
490 667 564 710 sera
585 659 617 710 et
639 650 842 710 infructuosa

82 759 133 810 est
155 747 365 825 paenitentia,
390 747 443 806 ubi
467 764 544 807 vera
565 757 616 807 est
637 746 787 808 contritio
810 757 842 808 et

82 848 212 923 integra
233 845 416 906 conversio.

124 943 154 1005 O
176 945 273 1005 beata
294 952 326 1003 et
347 943 487 1003 salubris
516 942 689 1003 conversio
714 952 746 1003 et
767 961 842 1003 con-

81 1042 172 1101 tritio
194 1050 419 1118 peccatorum,
441 1058 505 1118 qua
525 1049 589 1100 tam
613 1040 677 1100 cito
699 1051 865 1101 mereturs

83 1141 159 1216 quis
191 1139 340 1200 obtinere
374 1155 510 1215 regnum
547 1139 721 1198 caelorum.
779 1139 843 1198 lste

82 1238 259 1315 paenitens
287 1237 367 1296 latro
397 1244 428 1295 et
450 1236 564 1295 beatus
586 1235 649 1295 iam
673 1236 844 1296 confessor

83 1334 238 1413 quamvis
266 1333 408 1411 graviter
435 1343 467 1393 et
495 1333 597 1393 multo
621 1342 768 1409 tempore
791 1333 844 1393 de·

83 1433 250 1510 liquisset,
270 1440 379 1491 tamen
402 1431 435 1490 in
459 1431 523 1491 line
546 1439 577 1491 et
598 1429 632 1490 in
647 1431 844 1490 necessitate

85 1531 202 1590 ultima
231 1529 358 1606 positus
387 1529 426 1588 ad
451 1545 507 1588 cor
529 1527 624 1589 rediit
645 1537 678 1587 et
699 1527 843 1603 perfecte
856 1541 880 1581 ro

85 1629 127 1688 de
160 1627 314 1688 omnibus
344 1625 532 1686 commissis
564 1625 680 1685 dolens
714 1624 843 1685 veniam

84 1725 258 1786 humiliter
285 1723 377 1801 petiit
405 1732 437 1782 et
465 1723 585 1799 largam
610 1721 843 1800 indulgentiam

85 1823 238 1884 obtinuit.
266 1820 410 1898 Agnovit
430 1837 571 1897 namque
593 1820 755 1897 propriam
779 1821 845 1880 cul·

85 1938 174 1998 pam,
196 1920 251 1998 qui
274 1937 310 1980 se
325 1919 411 1980 iusta
427 1917 711 1979 animadversione
728 1917 846 1978 latetur

86 2018 185 2078 morti
209 2017 381 2078 addictum.
418 2017 540 2078 Habuit
562 2015 705 2076 iustitiae
727 2017 845 2092 zelum,
857 2031 881 2071 ιε

86 2116 144 2194 qui
182 2117 222 2176 de
257 2115 414 2192 pravitate
447 2114 670 2191 blasphemiae
701 2115 844 2175 vicinum

87 2214 152 2274 sibi
175 2213 339 2290 redarguit
354 2221 550 2273 consortem.
587 2212 740 2274 Ostendit
760 2230 846 2272 com·

88 2311 254 2388 passionis
285 2309 458 2384 allectum,
494 2327 567 2370 curn
600 2309 771 2372 Christum
807 2311 846 2369 ab

88 2409 180 2469 omni
197 2425 280 2468 noxa
294 2408 433 2468 liberum
447 2408 519 2468 sine
531 2409 625 2485 culpa
636 2407 847 2484 conqueritur

88 2505 293 2567 crucifixum.
336 2506 488 2583 Magnam
514 2505 610 2564 lidem
633 2505 762 2580 habuit,
791 2505 883 2581 quiao

89 2605 130 2663 de
160 2603 384 2663 misericordia
407 2602 532 2664 Christi
562 2619 627 2662 non
653 2603 847 2679 desperavit,

89 2701 151 2760 sed
179 2700 230 2760 sui
259 2699 427 2760 reminisci
456 2699 489 2759 in
518 2715 619 2775 regno
647 2699 708 2760 Dei
738 2711 847 2776 postu·

90 2795 179 2857 lavit.
210 2796 271 2856 His
287 2814 363 2876 ergo
379 2798 534 2858 virtutum
551 2798 646 2859 donis
661 2800 847 2860 redundans

89 2893 294 2955 confidenter
309 2896 348 2956 ad
362 2904 405 2971 te,
425 2895 566 2956 Domine
583 2897 668 2972 lesu,
683 2906 846 2974 tamquam

89 2991 130 3070 ad
153 2991 242 3066 pium
265 2992 445 3054 animarum
475 3003 638 3071 pastorem
665 3009 884 3072 verumqueas

89 3089 295 3150 sacerdotem
318 3101 350 3151 et
371 3091 599 3152 fidelissimum
622 3092 846 3153 confessorem

89 3185 192 3245 totius
203 3185 288 3246 vitae
304 3204 382 3248 suae
398 3188 517 3248 seriem
534 3189 715 3250 clarissime
731 3206 848 3268 cogno·

90 3292 238 3344 scentem
255 3284 314 3344 ait:
335 3285 486 3361 Domine,
501 3296 667 3346 memento
682 3286 758 3362 mei,
773 3304 846 3347 curn

89 3383 224 3442 veneris
246 3383 281 3442 in
303 3399 438 3459 regnum
461 3392 563 3443 tuum.
593 3383 657 3444 Cui
673 3393 707 3443 tu
723 3401 848 3458 rursus,

89 3497 109 3539 o
134 3479 370 3557 benignissime
393 3481 478 3556 Iesu,
502 3480 728 3540 dulcissimum
751 3490 884 3558 atqueao

90 3577 385 3638 solaciosissimum
442 3578 577 3638 verbum
631 3579 847 3655 respondisti:

447 3684 489 3726 un
