<?xml version="1.0" encoding="UTF-8"?>
<!DOCTYPE html PUBLIC "-//W3C//DTD XHTML 1.0 Transitional//EN"
    "http://www.w3.org/TR/xhtml1/DTD/xhtml1-transitional.dtd">
<html xmlns="http://www.w3.org/1999/xhtml" xml:lang="en" lang="en">
 <head>
  <title>
</title>
<meta http-equiv="Content-Type" content="text/html;charset=utf-8" />
  <meta name='ocr-system' content='tesseract 3.04.00' />
  <meta name='ocr-capabilities' content='ocr_page ocr_carea ocr_par ocr_line ocrx_word'/>
</head>
<body>
  <div class='ocr_page' id='page_1' title='image "./thomaehemerkena02pohlgoog_0110.png"; bbox 0 0 2152 4174; ppageno 0'>
   <div class='ocr_carea' id='block_1_1' title="bbox 97 384 848 497">
    <p class='ocr_par' dir='ltr' id='par_1_1' title="bbox 97 384 848 497">
     <span class='ocr_line' id='line_1_1' title="bbox 97 384 848 497; baseline -0.004 0"><span class='ocrx_word' id='word_1_1' title='bbox 97 384 848 497; x_wconf 49' lang='lat' dir='ltr'>Qffilsonfflffi&#39;ffi</span> 
     </span>
    </p>
   </div>
   <div class='ocr_carea' id='block_1_2' title="bbox 268 626 678 706">
    <p class='ocr_par' dir='ltr' id='par_1_2' title="bbox 268 626 678 706">
     <span class='ocr_line' id='line_1_2' title="bbox 268 626 678 706; baseline -0.015 -15"><span class='ocrx_word' id='word_1_2' title='bbox 268 626 539 706; x_wconf 74' lang='lat' dir='ltr'>[cnmrvbvn</span> <span class='ocrx_word' id='word_1_3' title='bbox 563 627 678 704; x_wconf 72' lang='lat' dir='ltr'>mni]</span> 
     </span>
    </p>
   </div>
   <div class='ocr_carea' id='block_1_3' title="bbox 126 777 817 968">
    <p class='ocr_par' dir='ltr' id='par_1_3' title="bbox 126 777 817 968">
     <span class='ocr_line' id='line_1_3' title="bbox 126 777 817 853; baseline -0.003 -15"><span class='ocrx_word' id='word_1_4' title='bbox 126 779 324 847; x_wconf 84' lang='lat' dir='ltr'>Denudutio,</span> <span class='ocrx_word' id='word_1_5' title='bbox 346 777 495 853; x_wconf 84' lang='lat' dir='ltr'>alligatio</span> <span class='ocrx_word' id='word_1_6' title='bbox 516 778 560 838; x_wconf 85' lang='lat' dir='ltr'>od</span> <span class='ocrx_word' id='word_1_7' title='bbox 581 777 763 837; x_wconf 86' lang='lat' dir='ltr'>columnam</span> <span class='ocrx_word' id='word_1_8' title='bbox 786 782 817 836; x_wconf 83' lang='lat' dir='ltr'>et</span> 
     </span>
     <span class='ocr_line' id='line_1_4' title="bbox 253 892 688 968; baseline -0.007 -15"><span class='ocrx_word' id='word_1_9' title='bbox 253 893 435 968; x_wconf 83' lang='lat' dir='ltr'>flagellatio</span> <span class='ocrx_word' id='word_1_10' title='bbox 457 892 588 951; x_wconf 83' lang='lat' dir='ltr'><em>Domini</em></span> <span class='ocrx_word' id='word_1_11' title='bbox 608 893 688 952; x_wconf 86' lang='lat' dir='ltr'>iesu.</span> 
     </span>
    </p>
   </div>
   <div class='ocr_carea' id='block_1_4' title="bbox 95 1005 892 3478">
    <p class='ocr_par' dir='ltr' id='par_1_4' title="bbox 95 1005 890 2490">
     <span class='ocr_line' id='line_1_5' title="bbox 95 1005 851 1225; baseline -0.003 -103"><span class='ocrx_word' id='word_1_12' title='bbox 95 1005 345 1225; x_wconf 42' lang='lat' dir='ltr'>&amp;eradico</span> <span class='ocrx_word' id='word_1_13' title='bbox 365 1071 397 1122; x_wconf 90' lang='lat' dir='ltr'>et</span> <span class='ocrx_word' id='word_1_14' title='bbox 411 1061 530 1139; x_wconf 85' lang='lat' dir='ltr'><strong>gratias</strong></span> <span class='ocrx_word' id='word_1_15' title='bbox 545 1079 604 1138; x_wconf 90' lang='lat' dir='ltr'>ago</span> <span class='ocrx_word' id='word_1_16' title='bbox 620 1060 688 1136; x_wconf 90' lang='lat' dir='ltr'>tibi,</span> <span class='ocrx_word' id='word_1_17' title='bbox 711 1060 851 1121; x_wconf 89' lang='lat' dir='ltr'>Domine</span> 
     </span>
     <span class='ocr_line' id='line_1_6' title="bbox 229 1159 875 1238; baseline 0.006 -19"><span class='ocrx_word' id='word_1_18' title='bbox 229 1160 304 1220; x_wconf 90' lang='lat' dir='ltr'>lesu</span> <span class='ocrx_word' id='word_1_19' title='bbox 334 1159 485 1235; x_wconf 87' lang='lat' dir='ltr'>Christe,</span> <span class='ocrx_word' id='word_1_20' title='bbox 516 1159 751 1238; x_wconf 85' lang='lat' dir='ltr'>benignissime</span> <span class='ocrx_word' id='word_1_21' title='bbox 780 1177 875 1235; x_wconf 86' lang='lat' dir='ltr'>pro-s</span> 
     </span>
     <span class='ocr_line' id='line_1_7' title="bbox 97 1257 853 1335; baseline -0.003 -17"><span class='ocrx_word' id='word_1_22' title='bbox 97 1266 201 1318; x_wconf 89' lang='lat' dir='ltr'>tector</span> <span class='ocrx_word' id='word_1_23' title='bbox 215 1257 362 1317; x_wconf 92' lang='lat' dir='ltr'>omnium</span> <span class='ocrx_word' id='word_1_24' title='bbox 385 1257 418 1316; x_wconf 92' lang='lat' dir='ltr'>in</span> <span class='ocrx_word' id='word_1_25' title='bbox 440 1267 472 1318; x_wconf 99' lang='lat' dir='ltr'>te</span> <span class='ocrx_word' id='word_1_26' title='bbox 488 1258 700 1335; x_wconf 90' lang='lat' dir='ltr'>sperantium,</span> <span class='ocrx_word' id='word_1_27' title='bbox 722 1273 780 1334; x_wconf 93' lang='lat' dir='ltr'>pro</span> <span class='ocrx_word' id='word_1_28' title='bbox 799 1266 853 1316; x_wconf 91' lang='lat' dir='ltr'>tua</span> 
     </span>
     <span class='ocr_line' id='line_1_8' title="bbox 96 1353 851 1433; baseline 0 -18"><span class='ocrx_word' id='word_1_29' title='bbox 96 1353 851 1433; x_wconf 87' lang='lat' dir='ltr'>erubescendadenudationeanteconspectum</span> 
     </span>
     <span class='ocr_line' id='line_1_9' title="bbox 97 1452 852 1532; baseline 0.003 -20"><span class='ocrx_word' id='word_1_30' title='bbox 97 1452 281 1512; x_wconf 87' lang='lat' dir='ltr'>derisorum</span> <span class='ocrx_word' id='word_1_31' title='bbox 312 1461 460 1530; x_wconf 83' lang='lat' dir='ltr'>tuorum,</span> <span class='ocrx_word' id='word_1_32' title='bbox 491 1454 619 1532; x_wconf 91' lang='lat' dir='ltr'>quando</span> <span class='ocrx_word' id='word_1_33' title='bbox 650 1454 689 1514; x_wconf 90' lang='lat' dir='ltr'>ad</span> <span class='ocrx_word' id='word_1_34' title='bbox 721 1455 852 1515; x_wconf 87' lang='lat' dir='ltr'>crudele</span> 
     </span>
     <span class='ocr_line' id='line_1_10' title="bbox 98 1550 853 1627; baseline 0 -17"><span class='ocrx_word' id='word_1_35' title='bbox 98 1550 187 1627; x_wconf 92' lang='lat' dir='ltr'>impii</span> <span class='ocrx_word' id='word_1_36' title='bbox 218 1550 379 1626; x_wconf 91' lang='lat' dir='ltr'>praesidis</span> <span class='ocrx_word' id='word_1_37' title='bbox 409 1553 594 1613; x_wconf 90' lang='lat' dir='ltr'>mandatum</span> <span class='ocrx_word' id='word_1_38' title='bbox 626 1552 738 1612; x_wconf 91' lang='lat' dir='ltr'>iussus</span> <span class='ocrx_word' id='word_1_39' title='bbox 768 1568 805 1611; x_wconf 89' lang='lat' dir='ltr'>es</span> <span class='ocrx_word' id='word_1_40' title='bbox 835 1569 853 1610; x_wconf 98' lang='lat' dir='ltr'>a</span> 
     </span>
     <span class='ocr_line' id='line_1_11' title="bbox 99 1648 889 1727; baseline -0.004 -19"><span class='ocrx_word' id='word_1_41' title='bbox 99 1648 257 1709; x_wconf 88' lang='lat' dir='ltr'>militibus</span> <span class='ocrx_word' id='word_1_42' title='bbox 286 1649 437 1723; x_wconf 88' lang='lat' dir='ltr'>praetorii</span> <span class='ocrx_word' id='word_1_43' title='bbox 464 1650 612 1710; x_wconf 89' lang='lat' dir='ltr'>vestibus</span> <span class='ocrx_word' id='word_1_44' title='bbox 640 1649 795 1727; x_wconf 86' lang='lat' dir='ltr'>expoliari</span> <span class='ocrx_word' id='word_1_45' title='bbox 822 1658 889 1709; x_wconf 82' lang='lat' dir='ltr'>etio</span> 
     </span>
     <span class='ocr_line' id='line_1_12' title="bbox 99 1746 853 1823; baseline -0.003 -16"><span class='ocrx_word' id='word_1_46' title='bbox 99 1747 136 1807; x_wconf 92' lang='lat' dir='ltr'>ad</span> <span class='ocrx_word' id='word_1_47' title='bbox 158 1763 292 1807; x_wconf 89' lang='lat' dir='ltr'>crucem</span> <span class='ocrx_word' id='word_1_48' title='bbox 312 1746 443 1823; x_wconf 92' lang='lat' dir='ltr'>penitus</span> <span class='ocrx_word' id='word_1_49' title='bbox 458 1747 583 1823; x_wconf 87' lang='lat' dir='ltr'>nudari,</span> <span class='ocrx_word' id='word_1_50' title='bbox 605 1747 695 1807; x_wconf 92' lang='lat' dir='ltr'>duris</span> <span class='ocrx_word' id='word_1_51' title='bbox 711 1747 853 1807; x_wconf 91' lang='lat' dir='ltr'>restibus</span> 
     </span>
     <span class='ocr_line' id='line_1_13' title="bbox 99 1843 852 1921; baseline 0 -18"><span class='ocrx_word' id='word_1_52' title='bbox 99 1844 188 1921; x_wconf 90' lang='lat' dir='ltr'>ligari</span> <span class='ocrx_word' id='word_1_53' title='bbox 211 1861 248 1904; x_wconf 90' lang='lat' dir='ltr'>ac</span> <span class='ocrx_word' id='word_1_54' title='bbox 271 1843 372 1920; x_wconf 86' lang='lat' dir='ltr'>virgis</span> <span class='ocrx_word' id='word_1_55' title='bbox 393 1844 592 1904; x_wconf 81' lang='lat' dir='ltr'>acutissimis</span> <span class='ocrx_word' id='word_1_56' title='bbox 615 1844 741 1905; x_wconf 90' lang='lat' dir='ltr'>iortiter</span> <span class='ocrx_word' id='word_1_57' title='bbox 762 1843 852 1904; x_wconf 90' lang='lat' dir='ltr'>caedi</span> 
     </span>
     <span class='ocr_line' id='line_1_14' title="bbox 99 1941 854 2019; baseline -0.003 -17"><span class='ocrx_word' id='word_1_58' title='bbox 99 1959 134 2002; x_wconf 87' lang='lat' dir='ltr'>ac</span> <span class='ocrx_word' id='word_1_59' title='bbox 150 1941 305 2019; x_wconf 85' lang='lat' dir='ltr'>flagellari</span> <span class='ocrx_word' id='word_1_60' title='bbox 321 1951 485 2018; x_wconf 83' lang='lat' dir='ltr'>tamquam</span> <span class='ocrx_word' id='word_1_61' title='bbox 501 1942 684 2002; x_wconf 88' lang='lat' dir='ltr'>malitiosus</span> <span class='ocrx_word' id='word_1_62' title='bbox 701 1941 854 2001; x_wconf 87' lang='lat' dir='ltr'>seductor</span> 
     </span>
     <span class='ocr_line' id='line_1_15' title="bbox 100 2038 854 2117; baseline 0 -19"><span class='ocrx_word' id='word_1_63' title='bbox 100 2047 130 2098; x_wconf 92' lang='lat' dir='ltr'>et</span> <span class='ocrx_word' id='word_1_64' title='bbox 158 2038 325 2115; x_wconf 88' lang='lat' dir='ltr'>pessimus</span> <span class='ocrx_word' id='word_1_65' title='bbox 353 2039 435 2116; x_wconf 88' lang='lat' dir='ltr'>legis</span> <span class='ocrx_word' id='word_1_66' title='bbox 462 2049 685 2117; x_wconf 88' lang='lat' dir='ltr'>transgressor</span> <span class='ocrx_word' id='word_1_67' title='bbox 706 2040 745 2099; x_wconf 93' lang='lat' dir='ltr'>ad</span> <span class='ocrx_word' id='word_1_68' title='bbox 768 2056 854 2099; x_wconf 93' lang='lat' dir='ltr'>com-</span> 
     </span>
     <span class='ocr_line' id='line_1_16' title="bbox 100 2136 890 2212; baseline -0.004 -16"><span class='ocrx_word' id='word_1_69' title='bbox 100 2136 292 2212; x_wconf 85' lang='lat' dir='ltr'>placandum</span> <span class='ocrx_word' id='word_1_70' title='bbox 315 2136 441 2196; x_wconf 89' lang='lat' dir='ltr'>scilicet</span> <span class='ocrx_word' id='word_1_71' title='bbox 463 2136 637 2197; x_wconf 92' lang='lat' dir='ltr'>iracundos</span> <span class='ocrx_word' id='word_1_72' title='bbox 657 2136 784 2197; x_wconf 90' lang='lat' dir='ltr'>animos</span> <span class='ocrx_word' id='word_1_73' title='bbox 805 2153 854 2196; x_wconf 92' lang='lat' dir='ltr'>sa·</span> <span class='ocrx_word' id='word_1_74' title='bbox 867 2153 890 2194; x_wconf 82' lang='lat' dir='ltr'>is</span> 
     </span>
     <span class='ocr_line' id='line_1_17' title="bbox 100 2233 855 2311; baseline -0.001 -17"><span class='ocrx_word' id='word_1_75' title='bbox 100 2236 267 2294; x_wconf 88' lang='lat' dir='ltr'>cerdotum</span> <span class='ocrx_word' id='word_1_76' title='bbox 290 2234 516 2311; x_wconf 87' lang='lat' dir='ltr'>quaerentium</span> <span class='ocrx_word' id='word_1_77' title='bbox 532 2234 673 2295; x_wconf 88' lang='lat' dir='ltr'>animam</span> <span class='ocrx_word' id='word_1_78' title='bbox 691 2244 778 2294; x_wconf 88' lang='lat' dir='ltr'>tuam</span> <span class='ocrx_word' id='word_1_79' title='bbox 801 2233 855 2293; x_wconf 88' lang='lat' dir='ltr'>de-</span> 
     </span>
     <span class='ocr_line' id='line_1_18' title="bbox 98 2331 855 2408; baseline -0.003 -16"><span class='ocrx_word' id='word_1_80' title='bbox 98 2333 215 2408; x_wconf 84' lang='lat' dir='ltr'>glutire</span> <span class='ocrx_word' id='word_1_81' title='bbox 243 2340 275 2392; x_wconf 91' lang='lat' dir='ltr'>et</span> <span class='ocrx_word' id='word_1_82' title='bbox 303 2332 342 2391; x_wconf 89' lang='lat' dir='ltr'>ad</span> <span class='ocrx_word' id='word_1_83' title='bbox 371 2331 496 2391; x_wconf 91' lang='lat' dir='ltr'>inieros</span> <span class='ocrx_word' id='word_1_84' title='bbox 518 2348 591 2391; x_wconf 91' lang='lat' dir='ltr'>cum</span> <span class='ocrx_word' id='word_1_85' title='bbox 622 2348 770 2392; x_wconf 88' lang='lat' dir='ltr'>maerore</span> <span class='ocrx_word' id='word_1_86' title='bbox 801 2332 855 2390; x_wconf 88' lang='lat' dir='ltr'>de·</span> 
     </span>
     <span class='ocr_line' id='line_1_19' title="bbox 99 2430 229 2490; baseline -0.008 0"><span class='ocrx_word' id='word_1_87' title='bbox 99 2430 229 2490; x_wconf 89' lang='lat' dir='ltr'>ducere.</span> 
     </span>
    </p>

    <p class='ocr_par' dir='ltr' id='par_1_5' title="bbox 99 2526 891 2995">
     <span class='ocr_line' id='line_1_20' title="bbox 139 2526 854 2603; baseline -0.001 -16"><span class='ocrx_word' id='word_1_88' title='bbox 139 2527 250 2587; x_wconf 90' lang='lat' dir='ltr'>Laudo</span> <span class='ocrx_word' id='word_1_89' title='bbox 279 2535 311 2586; x_wconf 89' lang='lat' dir='ltr'>et</span> <span class='ocrx_word' id='word_1_90' title='bbox 339 2526 519 2587; x_wconf 86' lang='lat' dir='ltr'>honorifico</span> <span class='ocrx_word' id='word_1_91' title='bbox 549 2535 580 2586; x_wconf 89' lang='lat' dir='ltr'>te</span> <span class='ocrx_word' id='word_1_92' title='bbox 609 2526 748 2603; x_wconf 91' lang='lat' dir='ltr'>supplici</span> <span class='ocrx_word' id='word_1_93' title='bbox 781 2543 854 2587; x_wconf 94' lang='lat' dir='ltr'>cum</span> 
     </span>
     <span class='ocr_line' id='line_1_21' title="bbox 99 2623 891 2701; baseline 0 -17"><span class='ocrx_word' id='word_1_94' title='bbox 99 2625 193 2686; x_wconf 88' lang='lat' dir='ltr'>laude</span> <span class='ocrx_word' id='word_1_95' title='bbox 216 2624 392 2701; x_wconf 88' lang='lat' dir='ltr'>praecipue</span> <span class='ocrx_word' id='word_1_96' title='bbox 413 2641 471 2701; x_wconf 91' lang='lat' dir='ltr'>pro</span> <span class='ocrx_word' id='word_1_97' title='bbox 490 2633 545 2684; x_wconf 94' lang='lat' dir='ltr'>tua</span> <span class='ocrx_word' id='word_1_98' title='bbox 560 2624 767 2685; x_wconf 88' lang='lat' dir='ltr'>strictissima</span> <span class='ocrx_word' id='word_1_99' title='bbox 788 2623 891 2684; x_wconf 78' lang='lat' dir='ltr'>alli-oo</span> 
     </span>
     <span class='ocr_line' id='line_1_22' title="bbox 99 2721 855 2800; baseline -0.004 -16"><span class='ocrx_word' id='word_1_100' title='bbox 99 2723 227 2800; x_wconf 88' lang='lat' dir='ltr'>gatione</span> <span class='ocrx_word' id='word_1_101' title='bbox 243 2723 282 2782; x_wconf 87' lang='lat' dir='ltr'>ad</span> <span class='ocrx_word' id='word_1_102' title='bbox 298 2723 483 2782; x_wconf 91' lang='lat' dir='ltr'>columnam</span> <span class='ocrx_word' id='word_1_103' title='bbox 499 2721 718 2797; x_wconf 88' lang='lat' dir='ltr'>durissimam,</span> <span class='ocrx_word' id='word_1_104' title='bbox 741 2730 775 2782; x_wconf 93' lang='lat' dir='ltr'>ut</span> <span class='ocrx_word' id='word_1_105' title='bbox 794 2739 855 2782; x_wconf 94' lang='lat' dir='ltr'>nos</span> 
     </span>
     <span class='ocr_line' id='line_1_23' title="bbox 100 2819 855 2898; baseline -0.003 -17"><span class='ocrx_word' id='word_1_106' title='bbox 100 2839 117 2880; x_wconf 93' lang='lat' dir='ltr'>a</span> <span class='ocrx_word' id='word_1_107' title='bbox 137 2829 347 2898; x_wconf 87' lang='lat' dir='ltr'>peccatorum</span> <span class='ocrx_word' id='word_1_108' title='bbox 369 2828 554 2880; x_wconf 92' lang='lat' dir='ltr'>nostrorum</span> <span class='ocrx_word' id='word_1_109' title='bbox 581 2819 722 2880; x_wconf 89' lang='lat' dir='ltr'>vinculis</span> <span class='ocrx_word' id='word_1_110' title='bbox 750 2820 855 2879; x_wconf 90' lang='lat' dir='ltr'>absol·</span> 
     </span>
     <span class='ocr_line' id='line_1_24' title="bbox 100 2917 855 2995; baseline 0 -18"><span class='ocrx_word' id='word_1_111' title='bbox 100 2936 195 2979; x_wconf 91' lang='lat' dir='ltr'>veres</span> <span class='ocrx_word' id='word_1_112' title='bbox 224 2926 256 2978; x_wconf 90' lang='lat' dir='ltr'>et</span> <span class='ocrx_word' id='word_1_113' title='bbox 285 2926 460 2995; x_wconf 90' lang='lat' dir='ltr'>perpetuae</span> <span class='ocrx_word' id='word_1_114' title='bbox 489 2917 628 2977; x_wconf 88' lang='lat' dir='ltr'>libertati</span> <span class='ocrx_word' id='word_1_115' title='bbox 654 2917 855 2977; x_wconf 89' lang='lat' dir='ltr'>restitueres.</span> 
     </span>
    </p>

    <p class='ocr_par' dir='ltr' id='par_1_6' title="bbox 102 3013 892 3478">
     <span class='ocr_line' id='line_1_25' title="bbox 142 3013 855 3091; baseline -0.001 -16"><span class='ocrx_word' id='word_1_116' title='bbox 142 3015 251 3075; x_wconf 91' lang='lat' dir='ltr'>Laudo</span> <span class='ocrx_word' id='word_1_117' title='bbox 280 3023 312 3074; x_wconf 89' lang='lat' dir='ltr'>et</span> <span class='ocrx_word' id='word_1_118' title='bbox 339 3014 485 3091; x_wconf 86' lang='lat' dir='ltr'>glorifico</span> <span class='ocrx_word' id='word_1_119' title='bbox 515 3023 546 3074; x_wconf 89' lang='lat' dir='ltr'>te</span> <span class='ocrx_word' id='word_1_120' title='bbox 574 3014 711 3090; x_wconf 90' lang='lat' dir='ltr'>perenni</span> <span class='ocrx_word' id='word_1_121' title='bbox 741 3013 855 3090; x_wconf 87' lang='lat' dir='ltr'>gratia-</span> 
     </span>
     <span class='ocr_line' id='line_1_26' title="bbox 102 3111 892 3189; baseline 0.003 -17"><span class='ocrx_word' id='word_1_122' title='bbox 102 3130 171 3174; x_wconf 92' lang='lat' dir='ltr'>rum</span> <span class='ocrx_word' id='word_1_123' title='bbox 196 3113 324 3172; x_wconf 89' lang='lat' dir='ltr'>actione</span> <span class='ocrx_word' id='word_1_124' title='bbox 349 3129 406 3189; x_wconf 92' lang='lat' dir='ltr'>pro</span> <span class='ocrx_word' id='word_1_125' title='bbox 432 3121 488 3172; x_wconf 92' lang='lat' dir='ltr'>tua</span> <span class='ocrx_word' id='word_1_126' title='bbox 516 3112 720 3172; x_wconf 91' lang='lat' dir='ltr'>atrocissima</span> <span class='ocrx_word' id='word_1_127' title='bbox 748 3111 892 3188; x_wconf 76' lang='lat' dir='ltr'>llagel-as</span> 
     </span>
     <span class='ocr_line' id='line_1_27' title="bbox 103 3208 855 3286; baseline -0.004 -15"><span class='ocrx_word' id='word_1_128' title='bbox 103 3211 239 3285; x_wconf 89' lang='lat' dir='ltr'>latione,</span> <span class='ocrx_word' id='word_1_129' title='bbox 274 3226 332 3285; x_wconf 94' lang='lat' dir='ltr'>pro</span> <span class='ocrx_word' id='word_1_130' title='bbox 363 3209 501 3286; x_wconf 92' lang='lat' dir='ltr'>singulis</span> <span class='ocrx_word' id='word_1_131' title='bbox 537 3209 628 3269; x_wconf 92' lang='lat' dir='ltr'>duris</span> <span class='ocrx_word' id='word_1_132' title='bbox 663 3208 855 3269; x_wconf 89' lang='lat' dir='ltr'>verberibus</span> 
     </span>
     <span class='ocr_line' id='line_1_28' title="bbox 104 3305 853 3384; baseline -0.007 -15"><span class='ocrx_word' id='word_1_133' title='bbox 104 3307 365 3384; x_wconf 89' lang='lat' dir='ltr'>acutissimisque</span> <span class='ocrx_word' id='word_1_134' title='bbox 386 3306 556 3382; x_wconf 90' lang='lat' dir='ltr'>puncturis</span> <span class='ocrx_word' id='word_1_135' title='bbox 585 3305 631 3366; x_wconf 93' lang='lat' dir='ltr'>tui</span> <span class='ocrx_word' id='word_1_136' title='bbox 656 3305 853 3366; x_wconf 88' lang='lat' dir='ltr'>sanctissimi</span> 
     </span>
     <span class='ocr_line' id='line_1_29' title="bbox 106 3401 853 3478; baseline -0.004 -15"><span class='ocrx_word' id='word_1_137' title='bbox 106 3422 139 3464; x_wconf 86' lang='lat' dir='ltr'>ac</span> <span class='ocrx_word' id='word_1_138' title='bbox 152 3402 320 3465; x_wconf 88' lang='lat' dir='ltr'>tenerrimi</span> <span class='ocrx_word' id='word_1_139' title='bbox 337 3401 494 3478; x_wconf 69' lang='lat' dir='ltr'>corporis</span> <span class='ocrx_word' id='word_1_140' title='bbox 515 3403 592 3462; x_wconf 92' lang='lat' dir='ltr'>dum</span> <span class='ocrx_word' id='word_1_141' title='bbox 610 3402 785 3462; x_wconf 89' lang='lat' dir='ltr'>truculenti</span> <span class='ocrx_word' id='word_1_142' title='bbox 807 3401 853 3461; x_wconf 93' lang='lat' dir='ltr'>illi</span> 
     </span>
    </p>
   </div>
   <div class='ocr_carea' id='block_1_5' title="bbox 107 3497 855 3644">
    <p class='ocr_par' dir='ltr' id='par_1_7' title="bbox 107 3497 855 3644">
     <span class='ocr_line' id='line_1_30' title="bbox 107 3497 855 3577; baseline -0.001 -19"><span class='ocrx_word' id='word_1_143' title='bbox 107 3499 317 3577; x_wconf 88' lang='lat' dir='ltr'>flagellatores</span> <span class='ocrx_word' id='word_1_144' title='bbox 338 3512 424 3560; x_wconf 94' lang='lat' dir='ltr'>tuam</span> <span class='ocrx_word' id='word_1_145' title='bbox 442 3499 620 3576; x_wconf 86' lang='lat' dir='ltr'>virgineam</span> <span class='ocrx_word' id='word_1_146' title='bbox 644 3516 773 3560; x_wconf 88' lang='lat' dir='ltr'>carnem</span> <span class='ocrx_word' id='word_1_147' title='bbox 797 3497 855 3557; x_wconf 93' lang='lat' dir='ltr'>im-</span> 
     </span>
     <span class='ocr_line' id='line_1_31' title="bbox 465 3604 488 3644; baseline 0 0"><span class='ocrx_word' id='word_1_148' title='bbox 465 3604 488 3644; x_wconf 82' lang='lat' dir='ltr'>ai</span> 
     </span>
    </p>
   </div>
   <div class='ocr_carea' id='block_1_6' title="bbox 0 0 1095 4174">
    <p class='ocr_par' dir='ltr' id='par_1_8' title="bbox 0 0 1095 4174">
     <span class='ocr_line' id='line_1_32' title="bbox 0 0 1095 4174; baseline 0 0"><span class='ocrx_word' id='word_1_149' title='bbox 0 0 1095 4174; x_wconf 95' lang='lat' dir='ltr'> </span> 
     </span>
    </p>
   </div>
  </div>
 </body>
</html>
