2152 4174
88 419 831 530 Qfffflnofflffi

270 667 540 744 [CAPITVLVM
565 668 647 745 XX.]

100 817 145 875 De
162 815 223 891 pia
242 816 480 892 supplicatione
497 817 568 878 lesa
586 833 646 894 pro
668 816 816 877 inimicis.

83 936 330 1158 &medico
350 1004 382 1056 et
396 997 515 1074 gratias
531 1013 589 1073 ago
604 996 673 1072 tibi,
696 995 836 1056 Domine
932 988 935 994 ’

215 1094 289 1154 Iesu
306 1093 451 1170 Christe,
473 1094 547 1156 ions
569 1095 699 1171 pietatis
720 1103 752 1156 et
769 1095 838 1154 dul-

82 1189 219 1267 cedinis,
241 1208 300 1267 pro
322 1201 377 1254 tua
398 1192 638 1269 periectissima
652 1191 784 1253 caritate
807 1199 862 1252 ets

83 1289 296 1351 devotissima
330 1289 568 1368 supplicatione
603 1308 660 1367 pro
696 1288 839 1351 inimicis

82 1388 146 1448 tuis
162 1396 196 1447 et
211 1387 477 1464 crucifigentibus
492 1397 538 1464 te;
553 1387 674 1449 etenim
686 1387 839 1464 expansis

84 1485 116 1545 in
133 1502 234 1546 cruce
249 1484 399 1545 manibus
414 1485 555 1546 exorasti
571 1485 700 1545 veniam
717 1484 766 1546 eis
781 1483 839 1544 im-

84 1581 242 1656 petrando
271 1590 303 1642 et
333 1598 446 1642 eorum
478 1581 756 1658 transgressiones
787 1581 840 1657 pie

8 1689 9 1694 ’
86 1679 272 1739 excusando
287 1678 401 1739 dicens
417 1679 476 1739 ita:
499 1680 605 1754 Pater,
624 1677 750 1740 dimitte
765 1677 841 1752 illis,
852 1693 877 1734 ro

86 1793 150 1836 non
173 1776 262 1836 enim
285 1775 409 1852 sciunt,
438 1776 515 1854 quid
543 1777 674 1837 iaciunt.
717 1776 747 1838 O
769 1793 841 1836 ver·

8 1951 9 1958 ¹
86 1875 161 1934 bum
185 1873 286 1934 totius
307 1874 450 1934 dulcoris
472 1884 505 1936 et
523 1875 655 1952 gratiae,
676 1875 763 1952 quod
785 1876 842 1935 du-

86 1972 192 2032 ritiam
215 1970 390 2032 cuiuslibet
408 1973 590 2048 peccatoris
606 1972 727 2033 sufficit
742 1973 842 2033 emol-

87 2071 145 2132 iire
161 2079 194 2131 et
209 2069 250 2130 ad
260 2069 490 2148 paenitentiam
507 2080 709 2132 convertere.
733 2069 843 2131 Odul-

87 2167 221 2228 cissime
244 2168 336 2244 lesu,
365 2186 461 2246 quam
490 2169 612 2229 multus
634 2186 671 2229 es
693 2169 732 2230 ad
754 2168 879 2245 igno-rs

87 2266 267 2342 scendum,
302 2283 399 2343 quam
433 2265 539 2326 facilis
569 2268 609 2327 ad
639 2265 843 2344 placandum,
910 2262 914 2270 ’

88 2381 184 2440 quam
200 2363 374 2434 benivolus
388 2364 428 2425 ad
443 2363 675 2425 miserandum.
701 2364 731 2426 O
747 2381 842 2441 quarn

88 2478 204 2538 magna
235 2461 408 2523 multitudo
439 2463 623 2524 dulcedinis
652 2471 746 2538 tuae,
780 2462 845 2522 Do·

88 2556 194 2633 mine,
230 2557 382 2620 omnibus
417 2559 600 2620 amantibus
628 2569 678 2637 te,
713 2561 768 2637 qui
798 2559 846 2620 in-

88 2654 196 2715 imicis
220 2654 403 2716 furentibus
425 2666 489 2717 tam
507 2657 596 2733 pium
613 2666 644 2716 te
659 2657 882 2734 exhibuisti,ao

89 2752 253 2830 siquidem
284 2752 318 2814 in
348 2753 507 2814 altissima
535 2772 633 2816 cruce
663 2773 847 2834 suspensus

89 2869 154 2913 non
185 2870 223 2914 es
253 2851 475 2929 indignatione
505 2871 605 2930 super
636 2854 847 2915 crucifixores

90 2959 164 3010 tuos
195 2949 396 3027 concitatus,
427 2960 462 3011 ut
493 2951 533 3012 de
564 2951 785 3029 affligentibus
815 2962 847 3012 te

10 3037 11 3048 ’
91 3048 287 3125 vindicares,
305 3067 367 3109 nec
383 3049 493 3125 orasti,
515 3058 550 3109 ut
565 3059 651 3110 terra
665 3050 739 3110 illos
754 3051 848 3110 vivos

10 3153 11 3200 ᾗ
93 3146 298 3221 absorberet,
327 3155 381 3206 aut
408 3147 494 3224 ignis
525 3149 565 3208 de
594 3150 684 3210 caelo
710 3149 884 3210 veniensas

93 3242 124 3303 in
144 3252 311 3304 momento
327 3244 446 3321 impios
461 3247 678 3322 combureret,
699 3246 758 3308 sed
780 3247 849 3306 dul-

10 3331 11 3338 *
95 3342 262 3405 cissimum
278 3342 421 3402 caritatis
431 3345 567 3404 verbum
579 3352 742 3422 tamquam
754 3343 849 3405 salvi-

96 3439 189 3502 ficum
222 3439 303 3500 caeli
335 3457 442 3501 rorem
472 3459 572 3518 super
603 3441 849 3502 crudelissimos

97 3538 206 3599 hostes
222 3537 367 3599 effudisti
383 3538 513 3599 dicens:
531 3540 636 3615 Pater,
652 3539 777 3599 dimitte
789 3549 849 3600 etc.

457 3645 495 3687 125
