2194 4180
284 561 393 621 Laudo
422 571 455 623 et
476 561 658 622 honorifico
686 571 718 622 te
747 579 821 623 cum
844 562 998 623 omnibus

242 659 364 719 sanctis
379 659 445 720 tuis
460 659 493 720 in
516 659 607 720 oaelo
629 669 661 720 et
678 676 752 720 oum
768 659 922 720 omnibus
943 660 997 720 de·

243 756 328 817 votis
349 756 500 818 fidelibus
522 757 556 817 in
578 758 700 818 mundo
716 775 774 833 pro
796 756 883 817 dulci
899 757 997 816 collo·

243 854 319 931 quio
342 864 374 915 et
395 864 523 915 secreta
537 854 721 930 collatione,
743 871 839 931 quam
854 853 996 914 habuisti

220 968 317 1014 scum
339 951 553 1013 dilectissima
567 961 679 1012 saneta
698 961 800 1012 matre
822 961 878 1012 tua
892 952 997 1012 Maria

242 1048 275 1108 in
298 1065 427 1110 camera
447 1049 520 1110 eius
542 1051 581 1110 ab
603 1050 691 1110 omni
714 1049 837 1110 saeculi
859 1049 996 1125 strepitu

243 1147 353 1207 clausa
373 1147 550 1208 conterens
564 1164 638 1208 cum
661 1165 700 1208 ea
716 1146 827 1208 divina
841 1146 997 1224 mysteria

242 1244 283 1304 de
311 1261 411 1322 regno
434 1245 513 1322 Dei,
544 1246 584 1306 de
612 1245 752 1322 paradisi
781 1244 925 1322 gaudiis,
956 1245 996 1305 de

242 1343 431 1418 angelorum
454 1342 582 1419 choris,
611 1343 651 1404 de
673 1342 844 1403 animabus
873 1343 997 1404 sanctis

209 1462 233 1503 ro
243 1439 282 1498 ab
297 1438 426 1500 inferno
441 1439 620 1516 redemptis
635 1440 716 1500 etin
731 1440 872 1517 paradisi
888 1458 997 1501 amoe-

242 1536 343 1596 nitate
365 1554 439 1598 cum
462 1537 574 1597 Enoch
597 1546 630 1598 et
652 1537 721 1598 Elia
742 1536 866 1598 locatis.

283 1633 312 1695 Ο
335 1635 458 1696 utinam
481 1635 524 1697 ibi
540 1635 709 1696 affuissem
725 1646 758 1696 et
776 1635 884 1697 dulcia
897 1636 998 1696 verba

242 1742 297 1793 tua
318 1733 483 1793 audissem
506 1743 538 1794 et
559 1751 660 1810 prope
676 1733 852 1794 fenestram
868 1743 996 1794 secrete

242 1830 408 1890 stetissem
438 1840 470 1892 et
492 1830 665 1907 diligenter
692 1831 930 1892 auscultassem
957 1832 996 1891 ad

209 1926 371 2003 15singula
384 1928 494 2003 verbe,
516 1944 599 2004 quae
615 1927 778 1988 Dominus
792 1945 887 1989 meus
903 1929 997 1989 lesus

244 2023 399 2085 Christus
421 2025 613 2102 loquebatur
634 2043 708 2086 oum
738 2017 843 2086 matre'
868 2043 928 2086 sua
956 2026 996 2086 de

242 2122 439 2183 caelestibus
461 2140 678 2200 supernorum
702 2123 822 2184 civium
845 2123 997 2200 tripudiis

242 2219 332 2279 nullo
364 2228 518 2280 extraneo
547 2221 681 2281 homine
712 2220 923 2298 percipiente.
967 2220 995 2282 Ο

242 2326 362 2393 quanto
390 2319 508 2395 gaudio
537 2319 715 2379 exultasset
743 2335 801 2378 cor
830 2335 940 2378 meum
963 2318 996 2378 in

206 2415 396 2491 20Domino‚
418 2416 445 2476 si
468 2416 633 2478 modicum
656 2416 792 2476 verbum
817 2415 893 2477 iude
922 2415 997 2476 reti·

242 2529 321 2572 nere
343 2513 523 2590 potuissem
546 2530 604 2590 pro
622 2513 744 2573 solacio
760 2530 834 2574 meo
848 2513 882 2573 in
897 2513 996 2573 huius

242 2610 354 2670 mundi
380 2610 566 2687 periculoso
588 2610 696 2670 exilio.
739 2610 778 2672 Et
806 2611 890 2671 forte
921 2612 996 2672 talia

242 2707 391 2783 fuerunt,
421 2725 505 2785 quae
535 2725 601 2768 non
633 2707 710 2768 licet
739 2707 864 2768 homini
896 2708 996 2785 loqui,

242 2806 300 2866 sed
321 2807 355 2867 in
373 2815 501 2866 secreto
517 2806 636 2866 debent
651 2805 775 2865 servari
792 2814 824 2865 et
839 2804 872 2864 in
888 2805 997 2865 cordis

205 2903 342 2964 25iubilo
370 2903 529 2964 meditari.
573 2904 711 2979 Beatus,
740 2902 795 2979 qui
825 2902 886 2963 scit
912 2905 996 2964 hanc

242 3001 464 3062 iubilationem
497 3011 530 3061 et
568 3000 678 3061 omnia
712 3000 903 3077 temporalia
939 3018 997 3078 per

242 3098 549 3175 contemplationem
565 3097 767 3157 transcendit
782 3106 815 3157 et
830 3114 904 3157 cum
922 3098 996 3158 lesu

242 3203 273 3253 et
289 3194 394 3254 Maria
411 3204 477 3256 tota
499 3195 551 3256 die
567 3212 604 3255 se
624 3204 760 3272 occupat
776 3205 817 3271 et,
838 3195 996 3273 quidquid

241 3291 274 3351 iu
297 3293 418 3353 mundo
439 3293 554 3370 agitur,
575 3310 641 3353 non
664 3303 755 3354 curat
782 3309 843 3353 nec
871 3302 996 3368 pensat.

204 3411 232 3452 ao
281 3389 441 3465 Aestimo,
462 3391 549 3467 quod
564 3407 662 3450 nemo
677 3390 862 3451 mortalium
879 3389 996 3466 diguus

242 3485 302 3546 fuit
324 3486 400 3546 huic
422 3487 586 3564 colloquio
602 3487 774 3563 interesse,
796 3487 854 3547 sed
876 3487 997 3547 solum-

601 3592 643 3634 zoe
