2194 4180
166 598 195 660 Ο
211 598 329 659 dilecte
345 609 456 660 sancte
474 600 580 676 Petre,
601 601 788 661 venerande
803 618 878 678 apo·

122 697 207 756 stole
229 706 261 756 et
282 697 386 757 electe
408 706 543 772 patrone
565 708 696 758 sanctae
712 699 877 759 Romanae

121 794 295 870 ecclesiae,
316 811 443 854 memor
464 804 534 855 esto
550 794 649 855 huius
671 794 735 855 diei
758 804 790 855 et
812 813 877 855 ma·

121 910 205 970 gnae
228 891 414 952 festivitatis
435 894 593 969 paschae,
623 893 657 953 in
679 910 743 969 qua
764 910 877 954 recon-

121 991 251 1051 ciliatus
273 1008 309 1050 es
333 989 474 1050 Domino
504 1000 535 1051 et
564 992 603 1051 ab
632 991 720 1051 omni
743 1001 901 1068 peccatos

120 1089 291 1149 absolutus
314 1087 456 1164 Spiritus
478 1089 581 1149 sancti
605 1090 701 1149 dono.

163 1186 201 1245 Et
223 1203 310 1246 nunc
326 1195 491 1245 memento
513 1186 577 1246 mei
600 1185 754 1262 pauperis
775 1195 807 1246 et
829 1187 876 1246 in·

120 1283 209 1360 digni
240 1283 422 1359 peccatoris
453 1284 538 1360 apud
566 1283 743 1360 benignum
767 1285 875 1345 Iesum

119 1381 154 1441 in
165 1380 772 1458 temporeailliotionisetdesolationis
783 1401 875 1444 meae

119 1488 217 1555 atque
238 1487 312 1555 post
340 1479 439 1539 huius
468 1479 580 1539 mundi
610 1479 718 1542 llebile
740 1482 873 1542 exilium
887 1503 912 1544 ro

120 1577 170 1636 ier
192 1575 272 1636 mihi
304 1575 430 1636 exituro
462 1577 502 1637 de
533 1595 669 1653 corpore
699 1579 794 1640 lidele
821 1598 876 1640 au·

118 1674 233 1734 xilium
256 1683 288 1734 et
309 1690 462 1734 securum
478 1675 598 1750 praebe
616 1676 813 1737 conductum
836 1679 874 1739 ad

119 1773 256 1832 caelum.
287 1771 387 1848 Aperi
411 1771 490 1831 mihi
513 1782 638 1849 portam
654 1775 793 1851 paradisi
817 1792 875 1851 per

118 1868 306 1946 passionem
336 1879 368 1930 et
397 1880 535 1931 mortem
565 1870 691 1932 Christi
721 1873 874 1934 omnibus

117 1968 361 2044 paenitentibus
376 1972 570 2046 promissam
591 1987 696 2047 usque
718 1970 752 2031 in
775 1971 872 2032 finem
886 1993 911 2036 rs

117 2064 251 2124 saeculi.
303 2064 442 2127 Custodi
475 2085 528 2129 me
559 2087 577 2129 a
607 2068 733 2144 laqueis
769 2069 874 2129 hostis

116 2161 259 2238 antiqui,
291 2163 381 2239 eripe
410 2173 556 2225 orantem
586 2165 741 2242 apoenis
770 2174 802 2225 et
828 2175 873 2225 te·

116 2258 229 2318 nebris
260 2259 390 2320 inferni.
441 2260 512 2321 Tibi
544 2262 631 2322 enim
663 2262 751 2322 dedit
782 2262 874 2323 Deus

116 2357 228 2416 omnia
249 2375 348 2434 regna
378 2359 490 2418 mundi
523 2369 555 2420 et
586 2360 695 2420 claves
724 2359 804 2419 caeli
834 2360 872 2420 ad

115 2455 329 2531 aperiendum
364 2458 570 2534 pulsantibus
612 2457 741 2517 ianuam
776 2457 909 2533 vitae‚2o

116 2553 172 2629 qui
196 2571 235 2614 ex
257 2563 324 2614 toto
353 2554 451 2614 corde
483 2555 650 2630 paenitent
679 2555 713 2615 in
745 2555 809 2615 line
840 2566 873 2616 et

116 2660 312 2711 convertunt
327 2668 364 2711 se
375 2653 415 2712 ad
427 2652 533 2712 Deum
545 2653 642 2730 plena
652 2653 726 2713 lide.
749 2653 870 2714 Exaudi

116 2765 180 2824 me,
202 2766 221 2808 o
245 2749 434 2810 beatissime
457 2751 571 2826 Petre,
599 2750 653 2827 pie
682 2761 792 2828 pastor
820 2769 872 2812 ec·

115 2845 237 2906 clesiae
259 2855 291 2907 et
312 2848 454 2924 gloriose
469 2849 623 2925 princeps
645 2849 734 2909 orbis
755 2859 871 2926 terrae,

115 2952 150 3003 ut
172 2943 294 3004 discam
310 2955 443 3022 peccata
458 2963 531 3006 mea
546 2947 641 3023 digne
657 2946 736 3006 flere
759 2957 791 3007 et
813 2964 907 3025 peras

114 3049 146 3099 te
177 3040 306 3101 veniam
338 3043 521 3103 aDomino
551 3043 625 3104 lesu
657 3045 782 3104 valeam
815 3045 870 3104 ob·

114 3136 229 3198 tinere.
271 3139 388 3201 Amen.
