2194 4180
229 423 982 532 Qitfflmofflffi

221 627 262 671 ex
289 612 352 670 hoc
373 611 495 670 mundo
524 611 720 688 migraturus
750 611 862 670 beatae
892 627 984 670 com·

199 707 441 788 'mendationis
463 708 551 768 iilius
573 709 709 769 verbum
726 709 834 785 legere
857 725 893 768 ac
916 709 983 768 ire-

221 816 361 882 quenter
391 814 540 882 repetere
571 823 636 866 non
668 806 814 882 omittas,
845 822 909 881 quo
931 806 981 866 nii

220 904 348 964 dulcius
370 904 616 965 memorandum
639 904 772 965 noveris
793 904 827 963 in
849 903 923 962 fine.

196 1022 210 1061 s
260 999 289 1062 O
306 1001 528 1062 amantissime
545 1002 629 1078 lesu,
651 1001 806 1078 splendor
824 1009 981 1077 paternae

218 1099 340 1176 gloriae
361 1107 393 1159 et
415 1099 464 1159 sol
493 1099 652 1174 iustitiae,
682 1100 737 1176 qui
766 1115 824 1174 pro
854 1114 907 1157 me
928 1098 981 1157 in-

220 1197 316 1273 digno
339 1198 471 1258 servulo
493 1207 548 1258 tuo
580 1197 729 1274 dignatus
758 1214 795 1257 es
825 1197 908 1255 hanc
930 1195 981 1255 vi-

220 1294 378 1354 lissimam
410 1295 474 1371 pati
507 1295 628 1355 doloris
665 1294 839 1354 formulam
874 1303 906 1353 et
942 1293 978 1352 in

219 1391 290 1452 loco
327 1394 485 1453 calvariae
521 1410 579 1468 pro
609 1392 832 1469 redemptione
864 1391 978 1451 mundi

184 1512 209 1552 ro
219 1490 359 1550 animam
375 1500 463 1550 tuam
478 1491 636 1552 tradidisti
653 1508 690 1550 ac
707 1490 792 1551 Patri
808 1499 864 1550 tuo
879 1505 980 1549 orans

220 1589 472 1664 commendasti,
503 1598 631 1665 praesta
661 1588 741 1648 mihi
771 1587 869 1648 huius
890 1603 979 1646 ama-

221 1685 371 1746 rissimae
393 1686 508 1746 mortis
529 1696 604 1747 tuae
634 1686 779 1746 dolorem
801 1685 922 1762 pariter
944 1694 980 1745 et

220 1800 364 1844 amorem
387 1784 505 1861 iugiter
526 1784 559 1844 in
581 1793 713 1860 pectore
735 1800 808 1843 meo
838 1783 978 1843 circum·

222 1881 307 1941 ierre
336 1891 432 1958 atque
461 1882 500 1941 ad
522 1881 802 1942 commoriendum
831 1881 887 1940 tibi
917 1897 979 1955 per

187 2003 211 2044 rs
222 1978 503 2039 mortificationem
519 1979 664 2038 omnium
680 1977 832 2038 vitiorum
856 1976 978 2038 cotidie

222 2093 274 2136 me
303 2077 410 2151 ipsum
433 2093 605 2151 exercere,
639 2085 675 2136 ut
695 2076 978 2152 appropinquante

221 2174 306 2234 vitae
322 2191 414 2235 meae
429 2175 569 2236 termino
584 2175 617 2234 in
633 2175 706 2234 luce
728 2174 977 2235 miserationum

221 2281 347 2332 tuamm
380 2290 508 2334 merear
543 2272 704 2348 respirare
739 2280 771 2331 et
802 2281 910 2331 tecum
942 2273 978 2332 in

220 2371 359 2446 paradisi
381 2371 497 2447 gaudia
515 2370 655 2430 feliciter
676 2369 820 2430 introire.
851 2367 978 2428 Adesto

183 2468 300 2533 mmihi
323 2468 492 2544 morienti,
521 2485 677 2528 succurre
700 2466 893 2544 agonizanti,
923 2483 979 2526 oc·

221 2582 315 2626 curre
337 2566 546 2643 desideranti,
568 2566 707 2627 deiende
733 2582 785 2625 me
814 2564 853 2624 ab
875 2565 979 2624 hosti-

220 2665 291 2738 bus,
306 2665 396 2741 eripe
412 2666 451 2726 de
467 2665 644 2741 aerumnis,
659 2664 828 2724 consolare
843 2678 978 2739 gemen-

220 2771 303 2838 tem,
334 2762 481 2823 conforta
511 2772 723 2838 trementem,
755 2761 868 2822 reiove
899 2758 978 2820 deii-

220 2859 377 2935 cientem,
409 2861 539 2938 suscipe
562 2861 773 2937 expirantem.
816 2857 976 2918 Vltimum

182 2957 354 3024 25verbum
377 2967 468 3018 tuum
491 2959 525 3018 in
547 2974 645 3018 cruce
667 2957 710 3017 sit
731 2956 881 3017 ultimum
904 2972 978 3016 ver·

219 3056 295 3115 bum
318 3073 427 3116 meum
450 3056 484 3115 in
506 3057 566 3115 hac
586 3056 676 3131 luce;
698 3064 819 3115 etcum
835 3053 978 3129 amplius

219 3152 278 3212 iari
294 3170 359 3213 non
375 3171 520 3230 possum,
536 3153 651 3212 exaudi
668 3152 764 3212 finale
775 3151 976 3212 desiderium

218 3269 344 3312 meum:
369 3252 474 3327 Pater,
495 3251 529 3310 in
551 3267 667 3310 manus
689 3259 761 3310 tuas
781 3249 977 3309 commendo

218 3349 366 3424 spiritum
389 3366 517 3424 meum;
544 3347 710 3409 redemisti
734 3364 797 3422 me,
822 3346 977 3421 Domine,

181 3463 209 3503 so
220 3447 310 3506 Deus
331 3447 488 3508 veritatis.
531 3445 648 3505 Amen.

580 3649 617 3689 19⁰
