2152 4174
98 440 845 552 Qssffifflboafflffl

88 646 241 705 suavem,
263 645 329 689 non
351 627 496 704 dubium,
518 628 597 705 quin
620 627 725 705 angeli
748 625 852 687 sancti

88 726 235 786 libenter
256 743 293 786 ac
315 725 595 786 celeriter-rorem
617 725 798 787 salvificum
822 724 851 784 ei

89 823 337 883 ministrassent
359 823 399 883 de
415 824 505 883 caelo
524 822 612 883 omni
629 823 756 900 liquore
778 839 851 882 sua·

90 921 231 996 viorem,
253 921 339 982 sicut
354 922 430 982 olim
447 921 713 982 ministraverant
727 921 849 981 victum

90 1028 170 1094 post
191 1019 315 1079 inimici
342 1019 459 1079 trinam
488 1019 744 1096 temptationem.
788 1017 875 1078 Seds

92 1115 200 1175 noluit
222 1133 258 1176 se
273 1116 440 1177 vindicare
462 1134 570 1194 neque
593 1118 722 1195 signum
740 1126 852 1193 poten-

90 1213 161 1273 tiae·
181 1230 287 1290 agere.
330 1213 483 1274 Exhibuit
509 1223 616 1275 autem
646 1215 775 1292 signum
798 1231 852 1290 pa-

91 1309 229 1369 tientiae
265 1319 296 1370 et
332 1312 603 1389 longanimitatis,
645 1324 680 1373 ut
715 1322 851 1373 cunctos

93 1404 281 1466 aedificaret
303 1407 509 1483 prolessores
532 1410 740 1485 paupertatis.

138 1501 237 1562 Sume
266 1520 343 1579 ergo
367 1513 400 1564 et
420 1514 472 1581 tu,
502 1506 577 1566 lesu
606 1507 782 1583 discipule,
811 1525 850 1568 ex
863 1519 887 1559 1⁰

94 1599 196 1659 huius
217 1599 327 1661 acidae
357 1603 574 1663 confectionis
602 1605 719 1680 poculo
748 1622 851 1664 reme-

95 1697 186 1757 dium
208 1707 320 1758 contra
341 1700 532 1761 edacitatem
553 1702 658 1778 gulae.
702 1702 735 1762 si
762 1702 849 1763 enim

95 1795 190 1872 cupis
218 1814 292 1858 cum
316 1798 450 1860 Christo
479 1799 512 1859 in
542 1816 642 1876 regno
666 1801 771 1861 Patris
798 1801 849 1861 sui

93 1894 229 1971 epulari,
251 1912 316 1957 non
339 1898 549 1974 concupiscat
571 1914 628 1958 cor
650 1906 742 1957 tuum
765 1898 850 1958 lauta

93 1991 218 2052 fercula
252 1981 315 2055 nec
348 1995 415 2056 vini
452 1995 586 2072 pretiosi
622 1995 754 2072 pocula,
784 2012 849 2055 non
862 2008 887 2048 1⁵

92 2090 205 2150 mollia
215 2092 850 2170 lectisternianequenitidaindumenta.

94 2188 187 2248 Haec
209 2189 296 2248 enim
312 2190 548 2251 mundissimae
563 2190 649 2251 vitae
666 2191 740 2251 lesu
762 2208 851 2251 acer-

92 2285 314 2364 bissimaeque
349 2288 493 2364 passioni
537 2289 610 2348 eius
645 2298 721 2348 sunt
756 2289 850 2348 valde

92 2383 264 2445 contraria.
308 2385 383 2446 Noli
413 2386 549 2446 dissolvi
578 2387 707 2447 deliciis
732 2386 850 2462 carnis,

91 2481 152 2542 sed
174 2481 358 2543 titillantem
375 2483 673 2559 concupiscentiam
690 2483 887 2561 restringeao

92 2579 270 2640 sobrietate
291 2580 408 2641 victus.
452 2580 486 2641 Si
509 2590 617 2641 autem
642 2582 775 2642 modum
797 2600 851 2642 ex·

92 2678 237 2739 cesseris
272 2679 343 2739 sive
385 2678 525 2754 amplius
568 2679 638 2738 sive
681 2678 851 2739 delicatius

91 2775 238 2851 edendo,
266 2777 329 2837 hoc
351 2775 510 2852 necastiga
531 2775 657 2836 diurnis
686 2776 851 2836 laboribus

91 2892 129 2935 ac
152 2875 322 2935 nocturnis
343 2873 465 2951 vigiliis
487 2891 632 2934 amarum
654 2872 780 2934 Christi
796 2891 851 2949 po·

91 2971 204 3029 culum
220 2987 353 3047 semper
367 2972 406 3032 ad
418 2971 562 3031 animum
574 2971 761 3055 reducendo
777 2988 850 3031 cum
861 2988 887 3029 25

92 3086 253 3130 maerore.

135 3166 268 3243 Olesu,
290 3185 408 3227 manna
423 3167 581 3227 caelicum
600 3176 631 3226 et
646 3176 759 3226 nectar
780 3184 852 3226 sua·

92 3266 285 3342 vissimum,
314 3265 369 3342 qui
398 3275 489 3326 aceto
519 3283 556 3324 ac
579 3265 655 3325 ielle
684 3262 774 3323 luisti
797 3278 852 3338 po-

91 3373 197 3438 tatus,
219 3363 296 3422 dum
319 3363 429 3423 sitires
451 3365 667 3423 vehementer
687 3360 721 3420 in
743 3377 852 3436 cruce,

92 3478 156 3521 nec
178 3470 288 3521 tamen
310 3461 474 3521 modicum
489 3476 592 3536 aquae
614 3458 654 3519 ad
669 3457 888 3519 refocillan-ao

92 3558 172 3618 dum
195 3557 317 3618 habere
339 3558 483 3634 potuisti,
505 3568 634 3635 praesta
649 3557 729 3618 mihi
753 3556 851 3616 huius

454 3662 492 3705 173
