2144 4168
417 486 582 552 Epllegomeni.

405 673 445 734 11.
475 673 595 734 VSVS.

185 820 271 882 Cum
301 838 405 898 genus
433 822 464 875 A
495 822 610 898 purius
639 822 681 881 sit
709 838 805 898 quam
834 823 877 897 B,

123 918 240 961 omnes
261 909 370 961 autem
398 901 518 978 prioris
539 909 694 962 tractatus
716 901 877 963 editiones

122 982 163 1041 ab
190 997 207 1035 e
236 981 455 1056 manaverint,
487 982 617 1042 codices
648 982 790 1059 denique
815 984 878 1037 ab

122 1061 234 1121 minus
269 1061 385 1139 integri
422 1062 487 1122 sint
522 1079 619 1139 quam
645 1078 683 1137 e,
719 1063 877 1139 sequitur,

123 1151 160 1201 ut
191 1142 326 1218 reliquis
357 1158 423 1202 non
453 1142 670 1218 testimoniis,
701 1142 759 1202 sed
791 1159 877 1218 com·

43 1289 45 1294 ,
123 1221 245 1282 mentis
260 1222 401 1297 reiectiS,
421 1221 484 1282 nisi
500 1223 528 1281 si
544 1240 639 1300 quam
657 1223 877 1283 coniecturam

124 1311 231 1378 aptam
267 1303 341 1362 usui
377 1302 604 1379 suppeditent,
642 1304 723 1363 haec
758 1304 877 1380 prioris

125 1382 226 1458 partis
248 1382 347 1442 editio
369 1383 403 1442 in
426 1383 638 1443 fundamento
660 1383 758 1443 unius
780 1399 798 1437 e
824 1401 878 1444 ex·

123 1463 262 1523 truenda
278 1462 329 1523 sit.
353 1462 560 1539 Eaedemque
575 1463 608 1523 in
623 1463 725 1524 altero
740 1473 876 1524 tractatu

124 1543 329 1603 recensendo
362 1552 471 1618 partes
506 1552 602 1603 erunt
637 1543 790 1604 editionis
820 1544 877 1605 *ua

125 1623 238 1700 Itaque
259 1624 374 1684 harum
403 1640 464 1683 suo
493 1623 664 1699 utriusque
686 1624 757 1684 loco
779 1626 879 1684 verba

124 1721 162 1763 ac
185 1702 295 1763 literas
318 1713 383 1764 tota
405 1703 616 1779 exhibemus,
637 1704 681 1764 ita
702 1712 821 1779 tamen,
843 1715 878 1783 ut

124 1784 270 1860 ipsarum
312 1783 508 1860 contemptis
543 1783 730 1861 quisquiliis
770 1783 878 1844 ortho-

124 1863 288 1941 graphicis
322 1881 537 1940 operarumve
571 1864 877 1941 typographicamm

125 1944 292 2005 erroribus
323 1944 513 2004 varietatem
547 1944 697 2004 lectionis
728 1945 876 2004 codicum

124 2040 149 2079 a
167 2025 187 2077 b
205 2024 364 2101 integram
393 2033 490 2101 atque
512 2024 644 2101 generis
665 2025 698 2078 B
717 2024 878 2102 principa·

125 2105 241 2164 liorem
263 2105 444 2181 deligentes
473 2104 507 2165 in
538 2104 744 2165 adnotatione
766 2105 878 2165 critica

125 2184 313 2245 adiciamus
357 2184 494 2244 Silentio
523 2184 620 2261 igitur
641 2186 878 2261 praetereunda

125 2274 221 2325 erunt
249 2264 282 2324 in
312 2265 480 2325 codicibus
501 2264 573 2324 aevi
605 2264 703 2324 medii
727 2266 877 2326 exeuntis

125 2345 426 2422 vetustissimisque
458 2344 655 2405 editionibus
689 2345 877 2422 pervulgata

125 2426 190 2500 illa,
205 2426 312 2502 qualia
326 2435 402 2486 sunt
416 2442 434 2485 e
447 2442 506 2501 pro
521 2442 561 2484 oe
575 2425 627 2485 vel
643 2442 681 2485 oe
690 2433 877 2486 constanter

125 2505 262 2581 scripta,
283 2522 300 2566 c
321 2515 353 2566 et
375 2510 403 2582 t,
428 2506 440 2565 i
461 2514 493 2565 et
513 2510 556 2580 γι
577 2505 770 2582 saepissime
792 2505 877 2567 inter

123 2603 162 2645 se
191 2585 367 2661 confusae,
398 2586 419 2645 lt
448 2603 603 2662 perverse
634 2602 721 2645 nunc
753 2586 877 2647 adiecta

124 2683 212 2727 nunc
248 2667 369 2726 omissa
404 2666 544 2742 exempli
579 2666 696 2742 gratia:
731 2683 876 2739 amenus,

124 2748 244 2817 celum,
275 2747 345 2821 cepi
365 2747 437 2822 (pro
458 2746 579 2821 coepi),
610 2750 716 2816 cetus,
748 2751 875 2818 mestus,

121 2843 226 2903 peno,
244 2826 390 2902 penalia,
409 2825 542 2902 penitet,
565 2826 700 2897 obedire,
722 2828 876 2899 seculum,

124 2924 207 2983 sepe,
230 2907 361 2977 tedium,

151 3067 157 3080 Ι
181 2987 349 3080 nunciare,
371 2985 490 3076 oracio,
508 2987 689 3063 paciencia,
701 2987 876 3063 preciosus,

124 3084 253 3137 vicium,

185 3147 328 3222 cythara,
350 3147 483 3223 egiptus,
507 3148 624 3222 hyems,
647 3147 719 3224 hijs,
742 3148 876 3222 lymbus,

125 3227 278 3298 misticus,
606 3257 611 3262 -
630 3278 632 3280 ,

123 3355 284 3362 ——-—-

185 3411 193 3440 ¹
215 3411 248 3454 Ne
270 3413 292 3453 in
315 3412 351 3454 bls
372 3411 463 3465 quidem
485 3424 538 3454 cave
561 3412 708 3454 constandum
733 3412 875 3454 librariorum

123 3472 226 3518 expectes
242 3466 308 3508 modo
318 3467 455 3517 mysterium,
470 3466 537 3507 modo
547 3467 678 3516 misterium,
692 3466 758 3507 modo
769 3467 877 3516 diabotus,

124 3518 190 3560 modo
205 3520 323 3571 tuaootuu,
341 3525 440 3570 martyr,
459 3521 553 3570 martir,
566 3521 642 3570 imme,
656 3533 737 3572 ymmo,
751 3521 806 3571 imo,
820 3532 877 3571 ymo,

121 3574 218 3624 Pilatus,
231 3576 331 3625 Putotue,
346 3574 385 3616 rel.
401 3573 555 3616 scribentium.

479 3659 521 3702 409
