2194 4180
104 436 850 546 Qssfflhmafflffi

97 626 198 700 ditur,
219 635 254 685 ut
276 635 399 686 remoto
419 624 581 684 velamine
604 623 706 684 veteri
728 633 857 701 pateant

98 739 195 782 sacra
224 722 380 799 mysteria
402 721 538 782 Christi.
583 721 656 798 lpse
687 720 775 781 enim
807 733 857 782 est

99 819 856 881 hostiaveraaulerenscunctasceleramundi.

101 919 177 994 lpse
213 935 315 994 agnus
351 917 412 977 Dei
448 915 675 976 immaculatus
710 926 856 993 tempore

99 1016 246 1091 paschali
268 1016 301 1075 in
324 1032 421 1074 cruce
436 1015 632 1074 immolatus.
663 1015 736 1091 lpse
752 1032 880 1076 sacer-⁵

100 1114 163 1172 dos
184 1130 283 1173 verus
304 1114 409 1173 aDeo
432 1122 653 1188 consecratus,
675 1115 730 1190 qui
753 1125 858 1175 semet

99 1212 209 1287 ipsum
239 1211 354 1271 obtulit
382 1212 521 1271 hostiam
546 1211 631 1271 Patri
661 1211 694 1271 in
724 1213 856 1273 odorem

100 1307 281 1368 suavitatis,
324 1308 397 1384 lpse
427 1326 576 1368 summus
606 1309 770 1385 pontifex,
801 1311 855 1387 qui

100 1405 206 1466 semel
228 1405 261 1465 in
283 1423 368 1466 anno
391 1406 482 1466 solus
496 1406 677 1483 ingreditur
697 1408 730 1467 in
747 1418 858 1468 sancta

100 1513 307 1578 sanctorum,
342 1513 378 1563 ut
416 1513 507 1580 roget
541 1521 607 1564 non
643 1515 766 1565 rantum
798 1523 857 1582 pro
870 1527 894 1567 ro

101 1601 198 1677 plebe
214 1601 418 1676 ludaeorum,
439 1601 498 1661 sed
512 1619 571 1678 pro
591 1603 695 1662 salute
710 1602 856 1662 omnium

101 1699 135 1759 in
160 1715 195 1758 se
217 1699 418 1759 credentium
441 1699 645 1775 populorum.
675 1700 747 1759 Hoc
769 1699 856 1759 enim

102 1796 264 1856 veraciter
293 1796 358 1873 egit
388 1787 491 1856 semel
520 1797 690 1858 moriendo
718 1814 777 1873 pro
799 1798 857 1856 hu·

101 1911 200 1954 mano
221 1910 342 1970 genere
364 1893 397 1953 in
413 1892 477 1953 line
493 1895 708 1955 saeculorum.
740 1895 858 1955 Monu-

100 2000 213 2052 menta
223 1991 319 2051 etiam
331 1999 441 2066 aperta
455 2000 541 2066 sunt,
556 2001 591 2051 ut
608 1991 716 2052 lutura
732 1992 856 2055 Christi
870 2017 894 2058 15

101 2088 300 2149 resurrectio
323 2106 397 2149 cum
420 2089 531 2149 multis
559 2090 681 2150 sanctis
709 2107 727 2150 e
748 2091 857 2152 vicino

101 2196 349 2247 monstraretur.
392 2188 483 2247 Haec
505 2187 651 2248 miranda
672 2205 768 2264 quam
789 2189 858 2265 plu·

100 2302 176 2359 rea,
211 2285 266 2361 qui
297 2285 337 2344 ad
372 2285 593 2361 spectaculum
630 2297 860 2363 convenerant,

100 2393 277 2444 sementes
300 2384 485 2459 compuncti
515 2394 592 2444 sunt
612 2385 706 2444 valde
735 2394 767 2444 et
788 2401 860 2460 per-

100 2480 265 2541 cutientes
286 2491 418 2557 pectora
439 2499 498 2541 sua
520 2482 774 2542 revertebantur.
870 2498 897 2539 ao

146 2580 323 2639 Revertere
345 2589 378 2639 et
398 2589 451 2654 tu,
479 2579 587 2639 anima
608 2595 691 2653 mea,
720 2577 759 2636 ad
780 2577 861 2637 inte·

100 2678 191 2737 riora
211 2687 266 2736 tua
288 2686 320 2736 et
333 2693 428 2753 geme
444 2693 517 2736 cum
533 2677 749 2753 gementibus,
771 2675 862 2752 plora

100 2792 178 2835 cum
201 2774 404 2850 plorantibus
422 2773 604 2849 Christum,
630 2791 671 2833 ne
694 2774 782 2834 saxis
803 2775 859 2834 du·

100 2870 716 2933 rioretludaeisinfideliorinveniaris.
741 2872 860 2932 Beatae

100 2969 268 3044 lacrimae,
289 2985 372 3045 quae
394 2985 452 3044 pro
475 2985 585 3028 amore
609 2967 765 3030 Crucihxi
790 2968 897 3029 lun-25

100 3069 234 3127 duntur.
278 3065 372 3126 Pium
404 3083 544 3143 namque
576 3076 626 3126 est
661 3075 693 3126 et
723 3068 860 3127 multum

99 3165 199 3225 dulce
235 3179 294 3238 pro
330 3163 415 3223 dulci
453 3163 593 3223 Domino
630 3163 718 3223 llere.
772 3164 861 3224 Haec

100 3279 220 3338 magna
238 3260 416 3320 consolatio
432 3261 571 3321 amantis
590 3262 717 3321 animae
740 3272 799 3337 est,
822 3279 861 3322 ex

100 3359 333 3436 compassione
369 3358 476 3419 dilecti
513 3359 652 3419 ubertim
697 3360 860 3436 plangere.

100 3457 209 3517 Flevit
231 3456 355 3532 etipse
378 3456 471 3516 lesus
500 3473 558 3532 pro
588 3457 740 3517 humanis
762 3474 897 3534 saepeao

100 3553 259 3629 miseriis,
282 3563 313 3613 et
335 3570 408 3613 curn
431 3553 609 3614 delicerent
630 3554 793 3630 lacrimae,
815 3554 860 3615 el·

468 3657 505 3699 ras
