2118 4180
239 423 551 532 ΨΜ
567 422 988 532 ruffi&

432 608 703 685 [cnpnvuvn
727 610 794 687 nn]

236 738 329 800 Trina
359 740 464 800 oratio
496 746 529 801 et
553 741 729 817 prostratio
758 742 889 803 Domini
919 744 992 804 lesu

287 838 333 898 ad
349 843 475 914 patrem
497 843 529 898 et
549 838 721 914 resignatio
742 839 930 900 voluntatis.

233 947 480 1168 &medico
502 1014 535 1067 et
549 1005 668 1084 gratias
683 1023 742 1083 ago
757 1006 825 1083 tibi,
848 1006 992 1068 Domine

210 1127 224 1168 s
364 1105 439 1164 lesu
451 1104 595 1181 Christe,
610 1104 849 1165 firmamentum
861 1106 993 1182 angelo-

232 1219 315 1278 rum,
330 1202 492 1278 refugium
508 1202 738 1278 desolatorum,
753 1219 811 1278 pro
826 1212 882 1262 tua
896 1203 993 1264 anxia

232 1299 469 1376 supplicatione
486 1318 523 1361 ac
539 1301 654 1361 humili
670 1318 770 1377 super
783 1310 902 1362 terram
918 1319 993 1378 pro·

232 1397 406 1474 stratione,
434 1397 510 1476 quia
537 1398 621 1459 trina
642 1398 715 1459 vice
737 1397 831 1459 flexis
851 1398 993 1475 genibus

230 1503 356 1571 patrem
377 1504 469 1556 tuum
485 1497 660 1557 caelestem
676 1496 793 1556 devote
813 1504 845 1557 et
865 1495 993 1556 intente

199 1615 223 1656 ιο
232 1592 384 1668 exorasti,
410 1602 445 1653 ut
466 1593 494 1652 si
516 1593 674 1669 possibile
696 1593 790 1669 foret,
815 1592 898 1653 calix
920 1610 1007 1680 pas-V

233 1689 337 1751 sionis
367 1707 386 1749 a
415 1699 447 1750 te
478 1691 666 1768 tolleretur,
701 1691 848 1752 addendo
881 1699 993 1751 tamen

147 1853 150 1862 ,
233 1803 379 1864 semper:
399 1787 632 1850 Verumtamen
647 1806 713 1849 non
729 1788 814 1850 sicut
832 1805 893 1865 ego
906 1790 994 1865 volo,

233 1886 292 1947 sed
313 1886 399 1946 sicut
419 1896 464 1946 tu.

275 1984 384 2044 Laudo
412 1991 445 2044 et
465 1984 611 2060 glorifico
639 1993 671 2044 te
697 2001 756 2060 pro
785 1983 859 2044 lorti
889 1994 994 2045 certa·

200 2106 224 2147 ιε
233 2082 322 2142 mine
344 2092 456 2143 contra
476 2081 591 2142 mortis
605 2083 774 2143 horrorem
796 2090 829 2141 et
850 2082 993 2143 acerbis-

233 2178 336 2238 simae
364 2178 528 2255 passionis
558 2179 721 2255 dolorem‚
751 2179 880 2256 quando
902 2187 993 2240 tanto

233 2292 344 2337 amore
375 2275 486 2336 divino
516 2293 692 2344 accensus.
707 2293 761 2352 es,
793 2283 829 2335 ut
858 2291 992 2336 omnem

233 2373 412 2433 humanum
434 2389 588 2450 pavorem
611 2375 813 2436 excluderes.

275 2470 384 2530 Laudo
405 2478 438 2531 et
451 2473 571 2548 gratias
592 2491 651 2551 ago
668 2472 725 2534 tibi
740 2490 799 2549 pro
815 2473 902 2549 larga
920 2490 994 2533 san·

197 2568 343 2646 aeguinei
354 2569 485 2630 sudoris
494 2571 541 2630 tui
553 2570 727 2647 effusione,
741 2570 870 2647 quando
886 2569 994 2630 factus

233 2666 267 2726 in
289 2666 404 2743 agonia
424 2667 583 2743 prolixius
611 2668 709 2728 orasti
738 2677 771 2728 et
799 2675 912 2727 contra
938 2684 994 2727 na·

233 2773 338 2825 turam
359 2773 467 2841 guttas
492 2765 688 2842 sanguineas
710 2765 750 2825 de
775 2773 832 2824 tuo
854 2781 993 2841 corpore

234 2861 362 2922 abunde
383 2861 518 2922 sudasti.

275 2957 384 3020 Adoro
407 2968 439 3019 et
466 2958 613 3035 glorifico
641 2968 673 3020 te
697 2977 756 3036 pro
781 2958 897 3020 humili
921 2977 993 3021 sus·

198 3056 385 3133 asceptione
415 3055 580 3133 angelicae
602 3056 863 3134 confortationis,
894 3075 992 3135 quarn

234 3161 279 3229 tu,
294 3160 421 3214 creator
435 3163 467 3213 et
482 3162 589 3214 rector
604 3155 793 3230 caelestium
807 3154 993 3233 spirituum,

233 3267 292 3326 pro
326 3259 458 3311 nostrae
489 3251 657 3328 parvitatis
691 3252 897 3312 roboramine
926 3270 992 3314 non

235 3347 412 3424 despexisti
427 3349 466 3408 ab
481 3349 628 3426 angelico
638 3349 821 3411 ministerio
834 3351 993 3428 recipere,

235 3445 461 3522 utnospusilli
472 3463 538 3508 non
549 3447 991 3525 adtransitonasolaciased

199 3544 274 3610 nond
285 3544 439 3605 caelestia
449 3545 639 3606 studeamus
647 3563 816 3606 recurrere
827 3545 990 3625 suffragia

599 3649 627 3691 oo
