2118 4180
233 421 989 541 Qfflrr1arffisiffl

228 615 367 690 simplici
390 616 510 676 vestitu
532 618 607 676 volo
630 627 803 679 contentus
832 638 924 696 esse,
953 631 983 681 et

228 715 309 772 haec
341 723 390 773 est
422 715 490 774 auri
522 715 655 790 pretiosi
687 717 820 776 moralis
856 719 982 778 oblatio.

228 813 321 874 Addo
344 824 376 874 et
397 814 479 874 turis
501 813 640 888 donum,
669 829 732 888 quo
757 814 894 874 devotae
917 833 983 874 ora·

226 912 325 972 tionis
347 912 535 988 designatur
556 910 742 986 incensum,
764 912 905 986 propriis
927 930 982 988 pro

190 1033 203 1072 5
226 1010 369 1085 peccatis
392 1028 465 1070 curn
488 1009 631 1085 singultu
647 1018 679 1068 et
694 1009 837 1068 lacrimis
852 1011 983 1086 orando,

226 1125 284 1183 pro
307 1108 418 1168 multis
440 1107 610 1166 beneficiis
631 1107 689 1166 tibi
710 1108 829 1183 gratias
851 1125 982 1186 magnas

227 1206 350 1281 agendo
382 1214 413 1264 et
444 1221 502 1279 pro
534 1204 686 1264 omnibus
722 1205 755 1264 in
787 1206 982 1267 necessitate

227 1302 412 1362 constitutis
428 1301 584 1362 dolendo:
607 1311 638 1361 et
660 1303 741 1361 haec
763 1313 813 1363 est
829 1305 981 1364 odoriferi

226 1399 309 1459 turis
324 1398 531 1474 acceptabilis
546 1398 604 1458 tibi
618 1401 846 1460 concrematio.
869 1401 982 1462 Offero

193 1497 323 1557 roetiam
346 1513 475 1557 murrae
491 1497 635 1572 speciem
651 1497 684 1556 in
700 1500 891 1559 memoriam
909 1510 982 1560 tuae

226 1594 448 1654 amarissimae
459 1594 622 1669 passionis
633 1595 770 1670 cupiens
780 1597 865 1658 viam
881 1608 983 1658 trans-

227 1701 274 1759 ire
297 1692 508 1768 perlectionis
528 1709 586 1767 per
608 1693 814 1768 asperitatem
834 1696 983 1770 propriae

226 1790 494 1850 mortificationis.
538 1791 701 1867 Quotiens
724 1793 810 1852 enirn
834 1794 885 1852 obs
898 1811 983 1853 amo·

226 1907 294 1948 rem
323 1889 368 1948 tui
399 1889 646 1950 amaritudinem
673 1889 836 1965 passionis
864 1891 982 1965 recolo,

192 2003 215 2044 15
225 1987 345 2047 totiens
360 1987 416 2046 tibi
433 1987 556 2045 electae
571 2005 701 2047 murrae
712 1987 855 2063 speciem
868 1988 981 2048 offero.

226 2085 263 2144 Et
306 2085 576 2160 quandocumque
618 2101 671 2143 me
709 2084 815 2160 ipsum
854 2084 888 2143 in
929 2086 981 2145 de-

224 2181 355 2241 sideriis
383 2181 492 2256 pravis
513 2181 609 2241 vinco
639 2192 671 2242 et
694 2183 844 2258 propriae
868 2184 981 2244 volun-

224 2280 279 2340 tati
296 2279 457 2355 renuntio,
480 2280 606 2340 fortiter
621 2281 822 2340 redolentem
838 2298 979 2341 murram

224 2377 256 2436 in
273 2377 459 2437 mortariolo
475 2378 583 2438 cordis
599 2378 778 2454 confringo,
798 2388 833 2438 ut
842 2379 979 2456 dignum

188 2475 280 2535 aotibi
328 2477 553 2535 holocaustum
602 2476 719 2536 exinde
761 2486 979 2551 praeparetur.

225 2571 253 2632 O
283 2589 379 2648 quarn
410 2573 487 2633 ielix
517 2575 639 2651 iorem,
670 2576 697 2635 si
727 2593 856 2635 murrae
887 2577 980 2636 lasci·

224 2669 332 2728 culum
364 2670 437 2729 lesu
469 2687 542 2729 meo
575 2671 694 2731 offerre
716 2683 832 2748 potens
861 2692 979 2749 essem,

224 2783 354 2826 omnem
390 2767 542 2827 videlicet
583 2770 725 2829 laborem
767 2781 798 2831 et
834 2774 978 2833 dolorem

222 2874 314 2924 tuum
330 2881 391 2923 nec
406 2881 471 2922 non
487 2865 587 2925 totius
602 2867 765 2941 passionis
779 2878 854 2928 tuae
866 2871 979 2930 amari-

142 3039 143 3042 *
187 2962 368 3024 astudinem
391 2962 424 3021 in
447 2981 547 3024 unum
571 2964 762 3040 colligendo.
800 2964 867 3025 Tali
892 2968 978 3027 enim

222 3060 362 3120 mixtura
382 3071 413 3121 et
428 3080 538 3142 murra
553 3072 584 3122 et
599 3072 670 3122 ture
687 3064 725 3123 ad
741 3065 979 3125 emendationis

223 3159 404 3234 servorem,
426 3160 464 3219 ad
487 3161 642 3236 agendam
665 3161 913 3238 paenitentiam,
940 3164 978 3223 ad

222 3256 505 3318 mortificationem
527 3258 716 3333 passionum
744 3258 850 3318 anima
873 3260 978 3320 lidelis

223 3354 306 3414 solet
328 3354 464 3415 incitari.

186 3473 213 3513 so
264 3451 395 3512 Gratias
426 3453 482 3513 tibi
515 3470 593 3529 ago,
630 3455 703 3515 lesu
736 3455 889 3531 Christe,
920 3474 977 3532 pro

222 3566 350 3608 summa
371 3550 469 3610 huius
492 3551 555 3611 diei
579 3553 777 3629 reverentia,
803 3571 901 3630 quern
923 3555 978 3614 tri·

586 3657 613 3699 aa
