<?xml version="1.0" encoding="UTF-8"?>
<!DOCTYPE html PUBLIC "-//W3C//DTD XHTML 1.0 Transitional//EN"
    "http://www.w3.org/TR/xhtml1/DTD/xhtml1-transitional.dtd">
<html xmlns="http://www.w3.org/1999/xhtml" xml:lang="en" lang="en">
 <head>
  <title>
</title>
<meta http-equiv="Content-Type" content="text/html;charset=utf-8" />
  <meta name='ocr-system' content='tesseract 3.04.00' />
  <meta name='ocr-capabilities' content='ocr_page ocr_carea ocr_par ocr_line ocrx_word'/>
</head>
<body>
  <div class='ocr_page' id='page_1' title='image "./thomaehemerkena02pohlgoog_0247.png"; bbox 0 0 2194 4180; ppageno 0'>
   <div class='ocr_carea' id='block_1_1' title="bbox 241 580 1088 666">
    <p class='ocr_par' dir='ltr' id='par_1_1' title="bbox 241 580 1088 666">
     <span class='ocr_line' id='line_1_1' title="bbox 241 580 1088 666; baseline 0.006 -26"><span class='ocrx_word' id='word_1_1' title='bbox 241 581 378 656; x_wconf 89' lang='lat' dir='ltr'><strong>pulsate,</strong></span> <span class='ocrx_word' id='word_1_2' title='bbox 399 581 502 642; x_wconf 93' lang='lat' dir='ltr'><strong>donec</strong></span> <span class='ocrx_word' id='word_1_3' title='bbox 525 580 660 657; x_wconf 83' lang='lat' dir='ltr'><strong>angelus</strong></span> <span class='ocrx_word' id='word_1_4' title='bbox 685 581 817 644; x_wconf 86' lang='lat' dir='ltr'>Domini</span> <span class='ocrx_word' id='word_1_5' title='bbox 840 584 880 644; x_wconf 89' lang='lat' dir='ltr'><strong>de</strong></span> <span class='ocrx_word' id='word_1_6' title='bbox 905 585 995 644; x_wconf 85' lang='lat' dir='ltr'><strong>caelo</strong></span> <span class='ocrx_word' id='word_1_7' title='bbox 1087 631 1088 666; x_wconf 61' lang='lat'><strong>,</strong></span> 
     </span>
    </p>
   </div>
   <div class='ocr_carea' id='block_1_2' title="bbox 218 679 1028 1243">
    <p class='ocr_par' dir='ltr' id='par_1_2' title="bbox 218 679 1028 1243">
     <span class='ocr_line' id='line_1_2' title="bbox 241 679 996 741; baseline 0.004 -2"><span class='ocrx_word' id='word_1_8' title='bbox 241 679 417 739; x_wconf 85' lang='lat' dir='ltr'>descendat</span> <span class='ocrx_word' id='word_1_9' title='bbox 451 688 484 739; x_wconf 91' lang='lat' dir='ltr'><strong>et</strong></span> <span class='ocrx_word' id='word_1_10' title='bbox 518 679 612 739; x_wconf 93' lang='lat' dir='ltr'><strong>vobis</strong></span> <span class='ocrx_word' id='word_1_11' title='bbox 648 679 750 740; x_wconf 87' lang='lat' dir='ltr'><strong>dicat:</strong></span> <span class='ocrx_word' id='word_1_12' title='bbox 776 681 907 741; x_wconf 83' lang='lat' dir='ltr'>&#39;Nolite</span> <span class='ocrx_word' id='word_1_13' title='bbox 943 698 996 741; x_wconf 91' lang='lat' dir='ltr'><strong>ex-</strong></span> 
     </span>
     <span class='ocr_line' id='line_1_3' title="bbox 241 769 1028 856; baseline 0.004 -20"><span class='ocrx_word' id='word_1_14' title='bbox 241 793 429 852; x_wconf 90' lang='lat' dir='ltr'><strong>pavescere,</strong></span> <span class='ocrx_word' id='word_1_15' title='bbox 450 776 519 837; x_wconf 92' lang='lat' dir='ltr'><strong>scio</strong></span> <span class='ocrx_word' id='word_1_16' title='bbox 541 777 647 853; x_wconf 88' lang='lat' dir='ltr'><strong>enim,</strong></span> <span class='ocrx_word' id='word_1_17' title='bbox 676 778 762 854; x_wconf 92' lang='lat' dir='ltr'><strong>quod</strong></span> <span class='ocrx_word' id='word_1_18' title='bbox 785 779 911 854; x_wconf 92' lang='lat' dir='ltr'><strong>Iesum,</strong></span> <span class='ocrx_word' id='word_1_19' title='bbox 940 779 994 856; x_wconf 89' lang='lat' dir='ltr'><strong>qui</strong></span> <span class='ocrx_word' id='word_1_20' title='bbox 1025 769 1028 776; x_wconf 75' lang='lat'>&#39;</span> 
     </span>
     <span class='ocr_line' id='line_1_4' title="bbox 242 873 996 951; baseline 0.001 -17"><span class='ocrx_word' id='word_1_21' title='bbox 242 873 418 936; x_wconf 83' lang='lat' dir='ltr'><strong>crucifixus</strong></span> <span class='ocrx_word' id='word_1_22' title='bbox 440 884 507 950; x_wconf 92' lang='lat' dir='ltr'><strong>est,</strong></span> <span class='ocrx_word' id='word_1_23' title='bbox 537 875 704 951; x_wconf 83' lang='lat' dir='ltr'><strong>quaeritis.</strong></span> <span class='ocrx_word' id='word_1_24' title='bbox 746 875 865 936; x_wconf 90' lang='lat' dir='ltr'><strong>Venite</strong></span> <span class='ocrx_word' id='word_1_25' title='bbox 895 884 928 935; x_wconf 91' lang='lat' dir='ltr'><strong>et</strong></span> <span class='ocrx_word' id='word_1_26' title='bbox 950 876 996 935; x_wconf 92' lang='lat' dir='ltr'><strong>vi·</strong></span> 
     </span>
     <span class='ocr_line' id='line_1_5' title="bbox 218 972 996 1049; baseline 0 -17"><span class='ocrx_word' id='word_1_27' title='bbox 218 973 315 1033; x_wconf 84' lang='lat' dir='ltr'><strong>sdete</strong></span> <span class='ocrx_word' id='word_1_28' title='bbox 338 973 464 1048; x_wconf 93' lang='lat' dir='ltr'><strong>locum,</strong></span> <span class='ocrx_word' id='word_1_29' title='bbox 492 972 547 1032; x_wconf 93' lang='lat' dir='ltr'><strong>ubi</strong></span> <span class='ocrx_word' id='word_1_30' title='bbox 577 972 704 1049; x_wconf 92' lang='lat' dir='ltr'><strong>positus</strong></span> <span class='ocrx_word' id='word_1_31' title='bbox 733 982 801 1033; x_wconf 91' lang='lat' dir='ltr'><strong>erat</strong></span> <span class='ocrx_word' id='word_1_32' title='bbox 824 973 996 1033; x_wconf 86' lang='lat' dir='ltr'><strong>Dominus.</strong></span> 
     </span>
     <span class='ocr_line' id='line_1_6' title="bbox 243 1069 996 1146; baseline 0.003 -16"><span class='ocrx_word' id='word_1_33' title='bbox 243 1070 317 1130; x_wconf 94' lang='lat' dir='ltr'><strong>Non</strong></span> <span class='ocrx_word' id='word_1_34' title='bbox 348 1079 399 1131; x_wconf 91' lang='lat' dir='ltr'><strong>est</strong></span> <span class='ocrx_word' id='word_1_35' title='bbox 428 1069 498 1145; x_wconf 92' lang='lat' dir='ltr'><strong>hic,</strong></span> <span class='ocrx_word' id='word_1_36' title='bbox 528 1080 564 1130; x_wconf 93' lang='lat' dir='ltr'><strong>ut</strong></span> <span class='ocrx_word' id='word_1_37' title='bbox 592 1070 727 1146; x_wconf 91' lang='lat' dir='ltr'><strong>videtis,</strong></span> <span class='ocrx_word' id='word_1_38' title='bbox 758 1072 816 1132; x_wconf 89' lang='lat' dir='ltr'><strong>scd</strong></span> <span class='ocrx_word' id='word_1_39' title='bbox 845 1071 996 1146; x_wconf 89' lang='lat' dir='ltr'><strong>surrexit,</strong></span> 
     </span>
     <span class='ocr_line' id='line_1_7' title="bbox 241 1166 995 1243; baseline 0.004 -17"><span class='ocrx_word' id='word_1_40' title='bbox 241 1167 327 1226; x_wconf 94' lang='lat' dir='ltr'><strong>sicut</strong></span> <span class='ocrx_word' id='word_1_41' title='bbox 348 1166 507 1243; x_wconf 84' lang='lat' dir='ltr'><strong>praedixit</strong></span> <span class='ocrx_word' id='word_1_42' title='bbox 522 1168 625 1228; x_wconf 91' lang='lat' dir='ltr'><strong>vobis.</strong></span> <span class='ocrx_word' id='word_1_43' title='bbox 655 1168 689 1229; x_wconf 91' lang='lat' dir='ltr'><strong>Si</strong></span> <span class='ocrx_word' id='word_1_44' title='bbox 705 1170 804 1230; x_wconf 89' lang='lat' dir='ltr'><strong>verba</strong></span> <span class='ocrx_word' id='word_1_45' title='bbox 826 1169 897 1231; x_wconf 90' lang='lat' dir='ltr'><strong>eius</strong></span> <span class='ocrx_word' id='word_1_46' title='bbox 912 1170 995 1229; x_wconf 91' lang='lat' dir='ltr'><strong>bene</strong></span> 
     </span>
    </p>
   </div>
   <div class='ocr_carea' id='block_1_3' title="bbox 242 1264 1088 1440">
    <p class='ocr_par' dir='ltr' id='par_1_3' title="bbox 242 1264 1088 1440">
     <span class='ocr_line' id='line_1_8' title="bbox 242 1264 1088 1342; baseline 0.002 -18"><span class='ocrx_word' id='word_1_47' title='bbox 242 1265 305 1324; x_wconf 89' lang='lat' dir='ltr'><strong>iam</strong></span> <span class='ocrx_word' id='word_1_48' title='bbox 329 1264 495 1340; x_wconf 91' lang='lat' dir='ltr'><strong>retinetis,</strong></span> <span class='ocrx_word' id='word_1_49' title='bbox 523 1265 569 1325; x_wconf 92' lang='lat' dir='ltr'><strong>nil</strong></span> <span class='ocrx_word' id='word_1_50' title='bbox 592 1267 632 1326; x_wconf 90' lang='lat' dir='ltr'><strong>de</strong></span> <span class='ocrx_word' id='word_1_51' title='bbox 654 1267 726 1327; x_wconf 91' lang='lat' dir='ltr'><strong>eius</strong></span> <span class='ocrx_word' id='word_1_52' title='bbox 756 1267 996 1328; x_wconf 88' lang='lat' dir='ltr'><strong>resurrectione</strong></span> <span class='ocrx_word' id='word_1_53' title='bbox 1087 1337 1088 1342; x_wconf 8' lang='grc' dir='ltr'>γ</span> 
     </span>
     <span class='ocr_line' id='line_1_9' title="bbox 243 1362 1088 1440; baseline 0.004 -18"><span class='ocrx_word' id='word_1_54' title='bbox 243 1363 389 1423; x_wconf 91' lang='lat' dir='ltr'><strong>dubitare</strong></span> <span class='ocrx_word' id='word_1_55' title='bbox 425 1362 561 1422; x_wconf 90' lang='lat' dir='ltr'><strong>debetis.</strong></span> <span class='ocrx_word' id='word_1_56' title='bbox 617 1362 720 1424; x_wconf 78' lang='lat' dir='ltr'><strong>Amor</strong></span> <span class='ocrx_word' id='word_1_57' title='bbox 751 1365 826 1425; x_wconf 91' lang='lat' dir='ltr'><strong>lesu</strong></span> <span class='ocrx_word' id='word_1_58' title='bbox 861 1381 921 1425; x_wconf 93' lang='lat' dir='ltr'><strong>vos</strong></span> <span class='ocrx_word' id='word_1_59' title='bbox 956 1365 996 1425; x_wconf 90' lang='lat' dir='ltr'><strong>de</strong></span> <span class='ocrx_word' id='word_1_60' title='bbox 1078 1414 1088 1440; x_wconf 70' lang='grc'><strong>.,</strong></span> 
     </span>
    </p>
   </div>
   <div class='ocr_carea' id='block_1_4' title="bbox 207 1461 1002 2317">
    <p class='ocr_par' dir='ltr' id='par_1_4' title="bbox 207 1461 1002 2317">
     <span class='ocr_line' id='line_1_10' title="bbox 207 1461 996 1536; baseline -0.001 -14"><span class='ocrx_word' id='word_1_61' title='bbox 207 1461 364 1523; x_wconf 87' lang='lat' dir='ltr'><strong>romundo</strong></span> <span class='ocrx_word' id='word_1_62' title='bbox 386 1461 535 1536; x_wconf 88' lang='lat' dir='ltr'><strong>retraxit,</strong></span> <span class='ocrx_word' id='word_1_63' title='bbox 567 1479 657 1522; x_wconf 90' lang='lat' dir='ltr'><strong>amor</strong></span> <span class='ocrx_word' id='word_1_64' title='bbox 688 1463 760 1523; x_wconf 92' lang='lat' dir='ltr'><strong>eius</strong></span> <span class='ocrx_word' id='word_1_65' title='bbox 790 1479 850 1521; x_wconf 93' lang='lat' dir='ltr'><strong>vos</strong></span> <span class='ocrx_word' id='word_1_66' title='bbox 878 1461 918 1521; x_wconf 90' lang='lat' dir='ltr'><strong>ad</strong></span> <span class='ocrx_word' id='word_1_67' title='bbox 946 1477 996 1521; x_wconf 90' lang='lat' dir='ltr'><strong>se-</strong></span> 
     </span>
     <span class='ocr_line' id='line_1_11' title="bbox 243 1559 995 1636; baseline 0 -18"><span class='ocrx_word' id='word_1_68' title='bbox 243 1559 415 1636; x_wconf 83' lang='lat' dir='ltr'><strong>pulchrum</strong></span> <span class='ocrx_word' id='word_1_69' title='bbox 438 1559 510 1619; x_wconf 89' lang='lat' dir='ltr'><strong>eius</strong></span> <span class='ocrx_word' id='word_1_70' title='bbox 532 1576 619 1619; x_wconf 91' lang='lat' dir='ltr'><strong>nunc</strong></span> <span class='ocrx_word' id='word_1_71' title='bbox 635 1560 776 1621; x_wconf 92' lang='lat' dir='ltr'><strong>adduxit.</strong></span> <span class='ocrx_word' id='word_1_72' title='bbox 804 1559 907 1620; x_wconf 79' lang='lat' dir='ltr'><strong>Amor</strong></span> <span class='ocrx_word' id='word_1_73' title='bbox 922 1559 995 1619; x_wconf 92' lang='lat' dir='ltr'><strong>Iesu</strong></span> 
     </span>
     <span class='ocr_line' id='line_1_12' title="bbox 242 1656 998 1734; baseline 0 -18"><span class='ocrx_word' id='word_1_74' title='bbox 242 1657 276 1717; x_wconf 95' lang='lat' dir='ltr'><strong>in</strong></span> <span class='ocrx_word' id='word_1_75' title='bbox 298 1656 451 1733; x_wconf 88' lang='lat' dir='ltr'><strong>passione</strong></span> <span class='ocrx_word' id='word_1_76' title='bbox 473 1674 532 1718; x_wconf 93' lang='lat' dir='ltr'><strong>vos</strong></span> <span class='ocrx_word' id='word_1_77' title='bbox 560 1658 779 1734; x_wconf 81' lang='lat' dir='ltr'><strong>contristavit,</strong></span> <span class='ocrx_word' id='word_1_78' title='bbox 808 1674 899 1718; x_wconf 90' lang='lat' dir='ltr'><strong>amor</strong></span> <span class='ocrx_word' id='word_1_79' title='bbox 925 1656 998 1717; x_wconf 89' lang='lat' dir='ltr'><strong>eius</strong></span> 
     </span>
     <span class='ocr_line' id='line_1_13' title="bbox 244 1755 999 1816; baseline 0 -2"><span class='ocrx_word' id='word_1_80' title='bbox 244 1755 277 1815; x_wconf 93' lang='lat' dir='ltr'><strong>in</strong></span> <span class='ocrx_word' id='word_1_81' title='bbox 300 1755 541 1816; x_wconf 89' lang='lat' dir='ltr'><strong>resurrectione</strong></span> <span class='ocrx_word' id='word_1_82' title='bbox 563 1773 623 1815; x_wconf 90' lang='lat' dir='ltr'><strong>sua</strong></span> <span class='ocrx_word' id='word_1_83' title='bbox 637 1772 697 1815; x_wconf 91' lang='lat' dir='ltr'><strong>vos</strong></span> <span class='ocrx_word' id='word_1_84' title='bbox 712 1755 906 1816; x_wconf 83' lang='lat' dir='ltr'><strong>laetificabit.</strong></span> <span class='ocrx_word' id='word_1_85' title='bbox 939 1755 999 1814; x_wconf 88' lang='lat' dir='ltr'><strong>Ex·</strong></span> 
     </span>
     <span class='ocr_line' id='line_1_14' title="bbox 244 1851 999 1929; baseline 0 -17"><span class='ocrx_word' id='word_1_86' title='bbox 244 1861 370 1929; x_wconf 87' lang='lat' dir='ltr'><strong>pectate</strong></span> <span class='ocrx_word' id='word_1_87' title='bbox 397 1851 579 1929; x_wconf 88' lang='lat' dir='ltr'><strong>paulisper,</strong></span> <span class='ocrx_word' id='word_1_88' title='bbox 611 1862 642 1912; x_wconf 90' lang='lat' dir='ltr'><strong>et</strong></span> <span class='ocrx_word' id='word_1_89' title='bbox 664 1852 817 1913; x_wconf 91' lang='lat' dir='ltr'><strong>videbitis</strong></span> <span class='ocrx_word' id='word_1_90' title='bbox 846 1869 920 1912; x_wconf 90' lang='lat' dir='ltr'><strong>eum</strong></span> <span class='ocrx_word' id='word_1_91' title='bbox 952 1853 999 1912; x_wconf 89' lang='lat' dir='ltr'><strong>in·</strong></span> 
     </span>
     <span class='ocr_line' id='line_1_15' title="bbox 210 1948 1000 2026; baseline -0.005 -15"><span class='ocrx_word' id='word_1_92' title='bbox 210 1950 437 2013; x_wconf 71' lang='lat' dir='ltr'><strong>indubitanter.</strong></span> <span class='ocrx_word' id='word_1_93' title='bbox 479 1950 554 2010; x_wconf 92' lang='lat' dir='ltr'><strong>Non</strong></span> <span class='ocrx_word' id='word_1_94' title='bbox 576 1949 740 2026; x_wconf 90' lang='lat' dir='ltr'><strong>quaeratis</strong></span> <span class='ocrx_word' id='word_1_95' title='bbox 761 1966 837 2009; x_wconf 92' lang='lat' dir='ltr'><strong>eum</strong></span> <span class='ocrx_word' id='word_1_96' title='bbox 859 1948 1000 2024; x_wconf 87' lang='lat' dir='ltr'><strong>amplius</strong></span> 
     </span>
     <span class='ocr_line' id='line_1_16' title="bbox 244 2046 999 2124; baseline -0.003 -16"><span class='ocrx_word' id='word_1_97' title='bbox 244 2047 404 2108; x_wconf 91' lang='lat' dir='ltr'><strong>iacentem</strong></span> <span class='ocrx_word' id='word_1_98' title='bbox 420 2047 453 2107; x_wconf 93' lang='lat' dir='ltr'><strong>in</strong></span> <span class='ocrx_word' id='word_1_99' title='bbox 466 2048 652 2124; x_wconf 88' lang='lat' dir='ltr'><strong>sepulchro,</strong></span> <span class='ocrx_word' id='word_1_100' title='bbox 668 2048 727 2107; x_wconf 93' lang='lat' dir='ltr'><strong>sed</strong></span> <span class='ocrx_word' id='word_1_101' title='bbox 743 2046 908 2107; x_wconf 89' lang='lat' dir='ltr'><strong>viventem</strong></span> <span class='ocrx_word' id='word_1_102' title='bbox 925 2063 999 2106; x_wconf 93' lang='lat' dir='ltr'><strong>cum</strong></span> 
     </span>
     <span class='ocr_line' id='line_1_17' title="bbox 244 2144 998 2222; baseline -0.001 -17"><span class='ocrx_word' id='word_1_103' title='bbox 244 2145 368 2222; x_wconf 85' lang='lat' dir='ltr'><strong>angelis</strong></span> <span class='ocrx_word' id='word_1_104' title='bbox 389 2145 423 2205; x_wconf 93' lang='lat' dir='ltr'><strong>in</strong></span> <span class='ocrx_word' id='word_1_105' title='bbox 446 2145 553 2220; x_wconf 89' lang='lat' dir='ltr'><strong>caelo,</strong></span> <span class='ocrx_word' id='word_1_106' title='bbox 583 2161 649 2204; x_wconf 91' lang='lat' dir='ltr'><strong>non</strong></span> <span class='ocrx_word' id='word_1_107' title='bbox 678 2145 712 2204; x_wconf 93' lang='lat' dir='ltr'><strong>in</strong></span> <span class='ocrx_word' id='word_1_108' title='bbox 735 2144 896 2205; x_wconf 87' lang='lat' dir='ltr'><strong>Bethania</strong></span> <span class='ocrx_word' id='word_1_109' title='bbox 924 2161 998 2204; x_wconf 91' lang='lat' dir='ltr'><strong>cum</strong></span> 
     </span>
     <span class='ocr_line' id='line_1_18' title="bbox 244 2241 1002 2317; baseline 0 -15"><span class='ocrx_word' id='word_1_110' title='bbox 244 2242 374 2303; x_wconf 79' lang='lat' dir='ltr'><strong>Martha</strong></span> <span class='ocrx_word' id='word_1_111' title='bbox 389 2253 572 2317; x_wconf 88' lang='lat' dir='ltr'><strong>cenantem,</strong></span> <span class='ocrx_word' id='word_1_112' title='bbox 586 2242 644 2303; x_wconf 92' lang='lat' dir='ltr'><strong>sed</strong></span> <span class='ocrx_word' id='word_1_113' title='bbox 660 2243 699 2302; x_wconf 95' lang='lat' dir='ltr'><strong>ad</strong></span> <span class='ocrx_word' id='word_1_114' title='bbox 715 2243 880 2303; x_wconf 90' lang='lat' dir='ltr'><strong>dexteram</strong></span> <span class='ocrx_word' id='word_1_115' title='bbox 894 2241 1002 2302; x_wconf 90' lang='lat' dir='ltr'><strong>Patris</strong></span> 
     </span>
    </p>
   </div>
   <div class='ocr_carea' id='block_1_5' title="bbox 245 2339 1086 2417">
    <p class='ocr_par' dir='ltr' id='par_1_5' title="bbox 245 2339 1086 2417">
     <span class='ocr_line' id='line_1_19' title="bbox 245 2339 1086 2417; baseline -0.004 -18"><span class='ocrx_word' id='word_1_116' title='bbox 245 2340 278 2399; x_wconf 92' lang='lat' dir='ltr'><strong>in</strong></span> <span class='ocrx_word' id='word_1_117' title='bbox 300 2357 428 2400; x_wconf 87' lang='lat' dir='ltr'><strong>summa</strong></span> <span class='ocrx_word' id='word_1_118' title='bbox 449 2341 551 2417; x_wconf 87' lang='lat' dir='ltr'><strong>gloria</strong></span> <span class='ocrx_word' id='word_1_119' title='bbox 566 2340 746 2417; x_wconf 89' lang='lat' dir='ltr'><strong>sedentem,</strong></span> <span class='ocrx_word' id='word_1_120' title='bbox 767 2357 832 2400; x_wconf 91' lang='lat' dir='ltr'><strong>non</strong></span> <span class='ocrx_word' id='word_1_121' title='bbox 855 2339 888 2400; x_wconf 94' lang='lat' dir='ltr'><strong>in</strong></span> <span class='ocrx_word' id='word_1_122' title='bbox 911 2340 1002 2400; x_wconf 88' lang='lat' dir='ltr'><strong>navi·</strong></span> <span class='ocrx_word' id='word_1_123' title='bbox 1085 2393 1086 2396; x_wconf 74' lang='grc'>,</span> 
     </span>
    </p>
   </div>
   <div class='ocr_carea' id='block_1_6' title="bbox 208 2438 1002 2612">
    <p class='ocr_par' dir='ltr' id='par_1_6' title="bbox 208 2438 1002 2612">
     <span class='ocr_line' id='line_1_20' title="bbox 208 2438 1002 2515; baseline 0.003 -19"><span class='ocrx_word' id='word_1_124' title='bbox 208 2439 318 2504; x_wconf 70' lang='lat' dir='ltr'><strong>zucula</strong></span> <span class='ocrx_word' id='word_1_125' title='bbox 339 2454 412 2497; x_wconf 93' lang='lat' dir='ltr'><strong>cum</strong></span> <span class='ocrx_word' id='word_1_126' title='bbox 438 2438 534 2499; x_wconf 90' lang='lat' dir='ltr'><strong>Petro</strong></span> <span class='ocrx_word' id='word_1_127' title='bbox 565 2438 789 2515; x_wconf 85' lang='lat' dir='ltr'><strong>navigantem,</strong></span> <span class='ocrx_word' id='word_1_128' title='bbox 820 2438 878 2498; x_wconf 89' lang='lat' dir='ltr'><strong>sed</strong></span> <span class='ocrx_word' id='word_1_129' title='bbox 901 2455 1002 2514; x_wconf 91' lang='lat' dir='ltr'><strong>super</strong></span> 
     </span>
     <span class='ocr_line' id='line_1_21' title="bbox 245 2536 1001 2612; baseline -0.001 -17"><span class='ocrx_word' id='word_1_130' title='bbox 245 2552 361 2596; x_wconf 90' lang='lat' dir='ltr'><strong>omnes</strong></span> <span class='ocrx_word' id='word_1_131' title='bbox 378 2536 497 2595; x_wconf 89' lang='lat' dir='ltr'><strong>choros</strong></span> <span class='ocrx_word' id='word_1_132' title='bbox 512 2537 701 2612; x_wconf 87' lang='lat' dir='ltr'><strong>angelorum</strong></span> <span class='ocrx_word' id='word_1_133' title='bbox 717 2545 919 2612; x_wconf 89' lang='lat' dir='ltr'><strong>regnantem,</strong></span> <span class='ocrx_word' id='word_1_134' title='bbox 934 2551 1001 2594; x_wconf 88' lang='lat' dir='ltr'><strong>non</strong></span> 
     </span>
    </p>
   </div>
   <div class='ocr_carea' id='block_1_7' title="bbox 245 2632 1085 2791">
    <p class='ocr_par' dir='ltr' id='par_1_7' title="bbox 245 2632 1085 2791">
     <span class='ocr_line' id='line_1_22' title="bbox 245 2632 1085 2709; baseline 0.007 -17"><span class='ocrx_word' id='word_1_135' title='bbox 245 2633 278 2692; x_wconf 93' lang='lat' dir='ltr'><strong>in</strong></span> <span class='ocrx_word' id='word_1_136' title='bbox 290 2642 400 2693; x_wconf 90' lang='lat' dir='ltr'><strong>monte</strong></span> <span class='ocrx_word' id='word_1_137' title='bbox 411 2632 662 2709; x_wconf 88' lang='lat' dir='ltr'><strong>praedicantem,</strong></span> <span class='ocrx_word' id='word_1_138' title='bbox 677 2633 735 2693; x_wconf 90' lang='lat' dir='ltr'><strong>sed</strong></span> <span class='ocrx_word' id='word_1_139' title='bbox 754 2649 854 2709; x_wconf 88' lang='lat' dir='ltr'><strong>super</strong></span> <span class='ocrx_word' id='word_1_140' title='bbox 868 2648 1001 2692; x_wconf 91' lang='lat' dir='ltr'><strong>omnem</strong></span> <span class='ocrx_word' id='word_1_141' title='bbox 1084 2690 1085 2698; x_wconf 72' lang='grc'>,</span> 
     </span>
     <span class='ocr_line' id='line_1_23' title="bbox 246 2729 1085 2791; baseline 0 -1"><span class='ocrx_word' id='word_1_142' title='bbox 246 2740 426 2790; x_wconf 87' lang='lat' dir='ltr'><strong>creaturam</strong></span> <span class='ocrx_word' id='word_1_143' title='bbox 458 2729 538 2790; x_wconf 91' lang='lat' dir='ltr'><strong>caeli</strong></span> <span class='ocrx_word' id='word_1_144' title='bbox 571 2740 603 2791; x_wconf 88' lang='lat' dir='ltr'><strong>et</strong></span> <span class='ocrx_word' id='word_1_145' title='bbox 631 2739 737 2790; x_wconf 89' lang='lat' dir='ltr'><strong>terrae</strong></span> <span class='ocrx_word' id='word_1_146' title='bbox 769 2729 1003 2790; x_wconf 86' lang='lat' dir='ltr'><strong>dominantem.</strong></span> <span class='ocrx_word' id='word_1_147' title='bbox 1084 2759 1085 2764; x_wconf 16' lang='grc' dir='ltr'><strong>κ</strong></span> 
     </span>
    </p>
   </div>
   <div class='ocr_carea' id='block_1_8' title="bbox 209 2827 1005 3082">
    <p class='ocr_par' dir='ltr' id='par_1_8' title="bbox 209 2827 1005 3082">
     <span class='ocr_line' id='line_1_24' title="bbox 248 2827 1004 2904; baseline 0 -17"><span class='ocrx_word' id='word_1_148' title='bbox 248 2827 493 2903; x_wconf 91' lang='lat' dir='ltr'><strong>Recordamini,</strong></span> <span class='ocrx_word' id='word_1_149' title='bbox 524 2828 687 2904; x_wconf 92' lang='lat' dir='ltr'><strong>quomodo</strong></span> <span class='ocrx_word' id='word_1_150' title='bbox 719 2827 895 2903; x_wconf 86' lang='lat' dir='ltr'><strong>praedixit,</strong></span> <span class='ocrx_word' id='word_1_151' title='bbox 926 2827 1004 2904; x_wconf 88' lang='lat' dir='ltr'><strong>quia</strong></span> 
     </span>
     <span class='ocr_line' id='line_1_25' title="bbox 209 2923 1005 3002; baseline 0 -18"><span class='ocrx_word' id='word_1_152' title='bbox 209 2935 373 3002; x_wconf 81' lang='lat' dir='ltr'><strong>asoportet</strong></span> <span class='ocrx_word' id='word_1_153' title='bbox 395 2925 496 2986; x_wconf 88' lang='lat' dir='ltr'><strong>lilium</strong></span> <span class='ocrx_word' id='word_1_154' title='bbox 520 2923 664 2985; x_wconf 90' lang='lat' dir='ltr'><strong>hominis</strong></span> <span class='ocrx_word' id='word_1_155' title='bbox 686 2923 831 3001; x_wconf 85' lang='lat' dir='ltr'><strong>cruciligi</strong></span> <span class='ocrx_word' id='word_1_156' title='bbox 854 2933 886 2984; x_wconf 89' lang='lat' dir='ltr'><strong>et</strong></span> <span class='ocrx_word' id='word_1_157' title='bbox 907 2924 1005 2984; x_wconf 90' lang='lat' dir='ltr'><strong>tertia</strong></span> 
     </span>
     <span class='ocr_line' id='line_1_26' title="bbox 246 3022 687 3082; baseline -0.002 0"><span class='ocrx_word' id='word_1_158' title='bbox 246 3022 299 3082; x_wconf 93' lang='lat' dir='ltr'><strong>die</strong></span> <span class='ocrx_word' id='word_1_159' title='bbox 321 3039 339 3082; x_wconf 88' lang='lat' dir='ltr'><strong>a</strong></span> <span class='ocrx_word' id='word_1_160' title='bbox 361 3031 465 3082; x_wconf 89' lang='lat' dir='ltr'><strong>morte</strong></span> <span class='ocrx_word' id='word_1_161' title='bbox 488 3022 687 3082; x_wconf 89' lang='lat' dir='ltr'><strong>resuscitari.</strong></span> 
     </span>
    </p>
   </div>
   <div class='ocr_carea' id='block_1_9' title="bbox 212 3105 1084 3490">
    <p class='ocr_par' dir='ltr' id='par_1_9' title="bbox 247 3105 1084 3391">
     <span class='ocr_line' id='line_1_27' title="bbox 288 3105 1084 3197; baseline -0.003 -17"><span class='ocrx_word' id='word_1_162' title='bbox 288 3120 383 3180; x_wconf 90' lang='lat' dir='ltr'><strong>Nunc</strong></span> <span class='ocrx_word' id='word_1_163' title='bbox 406 3137 483 3197; x_wconf 87' lang='lat' dir='ltr'><strong>ergo</strong></span> <span class='ocrx_word' id='word_1_164' title='bbox 505 3119 591 3180; x_wconf 91' lang='lat' dir='ltr'><strong>abite</strong></span> <span class='ocrx_word' id='word_1_165' title='bbox 614 3120 653 3179; x_wconf 90' lang='lat' dir='ltr'><strong>ab</strong></span> <span class='ocrx_word' id='word_1_166' title='bbox 675 3120 791 3196; x_wconf 85' lang='lat' dir='ltr'><strong>angelo</strong></span> <span class='ocrx_word' id='word_1_167' title='bbox 816 3119 1004 3178; x_wconf 89' lang='lat' dir='ltr'><strong>consolatae</strong></span> <span class='ocrx_word' id='word_1_168' title='bbox 1083 3105 1084 3113; x_wconf 37' lang='lat'>¹</span> 
     </span>
     <span class='ocr_line' id='line_1_28' title="bbox 247 3216 1006 3279; baseline -0.003 -2"><span class='ocrx_word' id='word_1_169' title='bbox 247 3228 279 3278; x_wconf 93' lang='lat' dir='ltr'><strong>et</strong></span> <span class='ocrx_word' id='word_1_170' title='bbox 308 3217 517 3279; x_wconf 81' lang='lat' dir='ltr'><strong>confortatae.</strong></span> <span class='ocrx_word' id='word_1_171' title='bbox 561 3217 607 3277; x_wconf 89' lang='lat' dir='ltr'><strong>lte</strong></span> <span class='ocrx_word' id='word_1_172' title='bbox 637 3216 832 3277; x_wconf 81' lang='lat' dir='ltr'><strong>festinanter</strong></span> <span class='ocrx_word' id='word_1_173' title='bbox 859 3224 891 3276; x_wconf 93' lang='lat' dir='ltr'><strong>et</strong></span> <span class='ocrx_word' id='word_1_174' title='bbox 918 3216 1006 3276; x_wconf 89' lang='lat' dir='ltr'><strong>bona</strong></span> 
     </span>
     <span class='ocr_line' id='line_1_29' title="bbox 248 3312 1007 3391; baseline -0.005 -16"><span class='ocrx_word' id='word_1_175' title='bbox 248 3332 332 3377; x_wconf 86' lang='lat' dir='ltr'><strong>nova</strong></span> <span class='ocrx_word' id='word_1_176' title='bbox 362 3315 475 3376; x_wconf 87' lang='lat' dir='ltr'><strong>amicis</strong></span> <span class='ocrx_word' id='word_1_177' title='bbox 511 3324 635 3391; x_wconf 89' lang='lat' dir='ltr'><strong>portate</strong></span> <span class='ocrx_word' id='word_1_178' title='bbox 671 3325 703 3374; x_wconf 90' lang='lat' dir='ltr'><strong>et</strong></span> <span class='ocrx_word' id='word_1_179' title='bbox 738 3330 854 3390; x_wconf 87' lang='lat' dir='ltr'><strong>magna</strong></span> <span class='ocrx_word' id='word_1_180' title='bbox 887 3312 1007 3389; x_wconf 85' lang='lat' dir='ltr'><strong>gaudia</strong></span> 
     </span>
    </p>

    <p class='ocr_par' dir='ltr' id='par_1_10' title="bbox 212 3409 1082 3490">
     <span class='ocr_line' id='line_1_30' title="bbox 212 3409 1082 3490; baseline -0.005 -18"><span class='ocrx_word' id='word_1_181' title='bbox 212 3413 395 3474; x_wconf 81' lang='lat' dir='ltr'><strong>aotristibus</strong></span> <span class='ocrx_word' id='word_1_182' title='bbox 423 3412 593 3488; x_wconf 91' lang='lat' dir='ltr'><strong>discipulis</strong></span> <span class='ocrx_word' id='word_1_183' title='bbox 622 3411 786 3487; x_wconf 90' lang='lat' dir='ltr'><strong>nuntiate,</strong></span> <span class='ocrx_word' id='word_1_184' title='bbox 816 3419 848 3470; x_wconf 89' lang='lat' dir='ltr'><strong>et</strong></span> <span class='ocrx_word' id='word_1_185' title='bbox 876 3426 918 3469; x_wconf 90' lang='lat' dir='ltr'><strong>ne</strong></span> <span class='ocrx_word' id='word_1_186' title='bbox 951 3409 1007 3470; x_wconf 90' lang='lat' dir='ltr'><strong>de·</strong></span> <span class='ocrx_word' id='word_1_187' title='bbox 1074 3475 1082 3490; x_wconf 35' lang='lat'><strong><em>⁴</em></strong></span> 
     </span>
    </p>
   </div>
   <div class='ocr_carea' id='block_1_10' title="bbox 249 3507 1008 3654">
    <p class='ocr_par' dir='ltr' id='par_1_11' title="bbox 249 3507 1008 3654">
     <span class='ocr_line' id='line_1_31' title="bbox 249 3507 1008 3585; baseline -0.003 -17"><span class='ocrx_word' id='word_1_188' title='bbox 249 3520 390 3585; x_wconf 88' lang='lat' dir='ltr'><strong>sperent,</strong></span> <span class='ocrx_word' id='word_1_189' title='bbox 412 3509 488 3585; x_wconf 90' lang='lat' dir='ltr'><strong>quia</strong></span> <span class='ocrx_word' id='word_1_190' title='bbox 504 3509 611 3568; x_wconf 90' lang='lat' dir='ltr'><strong>lesum</strong></span> <span class='ocrx_word' id='word_1_191' title='bbox 636 3508 838 3585; x_wconf 88' lang='lat' dir='ltr'><strong>reliquerunt</strong></span> <span class='ocrx_word' id='word_1_192' title='bbox 860 3517 892 3568; x_wconf 91' lang='lat' dir='ltr'><strong>et</strong></span> <span class='ocrx_word' id='word_1_193' title='bbox 915 3507 1008 3583; x_wconf 85' lang='lat' dir='ltr'><strong>iuge-</strong></span> 
     </span>
     <span class='ocr_line' id='line_1_32' title="bbox 608 3611 648 3654; baseline -0.05 0"><span class='ocrx_word' id='word_1_194' title='bbox 608 3611 648 3654; x_wconf 80' lang='lat' dir='ltr'><strong>aaa</strong></span> 
     </span>
    </p>
   </div>
   <div class='ocr_carea' id='block_1_11' title="bbox 0 0 1116 4180">
    <p class='ocr_par' dir='ltr' id='par_1_12' title="bbox 0 0 1116 4180">
     <span class='ocr_line' id='line_1_33' title="bbox 0 0 1116 4180; baseline 0 0"><span class='ocrx_word' id='word_1_195' title='bbox 0 0 1116 4180; x_wconf 95' lang='lat' dir='ltr'><strong> </strong></span> 
     </span>
    </p>
   </div>
  </div>
 </body>
</html>
