2152 4174
247 401 996 512 Q'ffiffiaoafflffi

241 600 407 667 posterum
440 590 637 650 reservando
673 606 746 650 cum
783 587 929 664 reprobis
968 597 1000 648 te

242 690 372 749 damnet
392 689 426 749 in
449 699 652 765 perpetuum.

282 787 454 861 Miserere,
470 787 544 846 lesu
559 787 654 862 bone,
670 785 906 847 misereremei
922 801 1000 860 pec·

241 884 378 959 catoris,
414 885 567 961 quoniam
598 885 631 944 in
663 895 695 945 te
726 884 858 944 conlidit
889 883 1000 943 anima

218 1000 321 1043 smea.
365 983 491 1059 Inspira
512 983 661 1058 spiritum
691 983 829 1057 bonum,
858 981 913 1057 qui
944 998 998 1040 me

240 1079 279 1139 ad
301 1079 532 1140 ferventiorem
553 1081 734 1157 proiectum
750 1081 941 1154 inflammet,
964 1088 999 1138 ut

240 1178 386 1238 studeam
416 1194 469 1238 me
498 1196 537 1238 ex
566 1188 632 1238 toto
662 1178 769 1239 cordis
796 1176 915 1237 affectu
937 1177 998 1236 hu-

239 1273 382 1350 miliare,
412 1273 568 1334 inclinare
600 1285 632 1335 et
663 1275 812 1335 subicere
842 1273 998 1350 praelatis

239 1371 322 1431 meis
339 1389 375 1432 ac
395 1372 504 1432 omnia
523 1382 662 1448 portare,
679 1371 857 1449 quaemihi
875 1371 998 1431 luerint

204 1469 403 1546 roimperata.
439 1471 488 1530 Da
502 1487 567 1530 non
589 1470 696 1530 vereri
712 1472 854 1530 humana
875 1468 997 1528 iudicia

238 1586 298 1628 nec
334 1568 540 1645 indignanter
574 1568 799 1629 accusationes
837 1567 997 1643 recipere,

238 1665 295 1725 sed
311 1675 422 1742 optare
438 1666 618 1742 exercitari,
633 1666 722 1743 argui
739 1676 771 1726 et
783 1665 997 1741 disciplinari,

238 1773 272 1823 ut
293 1773 401 1823 tumor
422 1763 573 1823 elationis
603 1763 748 1824 funditus
773 1763 996 1838 conculcetur,

237 1869 269 1919 et
290 1861 419 1936 propria
441 1862 591 1922 voluntas
611 1863 650 1922 ad
666 1862 804 1922 nibilum
820 1860 996 1937 redigatur,

203 1981 226 2022 1⁵
237 1958 350 2035 sicque
379 1976 469 2018 amor
496 1959 542 2020 tui
572 1977 613 2019 ex
635 1968 822 2036 contemptu
846 1958 912 2018 mei
936 1975 996 2034 per
1068 1971 1069 1976 ’

236 2055 363 2133 singula
390 2066 555 2117 momenta
582 2055 747 2132 potentius
772 2066 940 2117 excrescat
963 2065 995 2116 et

236 2153 268 2212 in
291 2155 464 2214 sublimius
487 2154 638 2230 rapiatur.

421 2354 692 2433 [CAPITVLVM
717 2353 799 2430 xm]

237 2486 403 2564 Quomodo
424 2489 580 2548 Dominus
602 2489 688 2547 lesus
710 2487 779 2564 fuit
803 2487 844 2546 ab
866 2487 994 2548 Herode

197 2604 224 2645 ao
526 2586 698 2660 despectos.

234 2679 480 2900 fflenedico
497 2746 529 2797 et
550 2737 668 2814 gratias
684 2753 742 2813 ago
758 2736 825 2813 tibi,
848 2737 992 2797 Domine

360 2835 434 2895 Iesu
446 2834 590 2911 Christe,
605 2844 737 2895 aeterna
751 2834 851 2911 patris
863 2836 992 2911 sapien·

232 2932 286 3008 tia,
305 2933 425 2993 veritas
441 2951 568 2993 summa
582 2934 752 3010 virtusque
769 2931 830 2992 Dei
853 2932 992 3007 infinita,

232 3047 290 3106 pro
305 3029 522 3107 ignominiosa
537 3031 591 3091 illa
606 3031 816 3108 despectione
832 3039 864 3090 et
879 3047 990 3090 amaro
1068 3047 1069 3106 j

195 3127 359 3204 asderisu,
388 3145 451 3204 quo
474 3130 513 3189 ab
537 3129 668 3189 Herode
693 3140 724 3190 et
749 3127 893 3190 exercitu
916 3127 990 3187 eius

233 3225 321 3285 luisti
345 3226 519 3302 despectus
541 3236 572 3286 ct
594 3226 732 3286 derisus.
772 3226 844 3302 Ipse
867 3225 989 3302 quippe

234 3323 382 3383 Herodes
411 3341 450 3384 ex
479 3325 580 3383 multo
609 3333 755 3400 tempore
784 3322 990 3384 desiderabat

231 3433 262 3480 te
290 3421 402 3481 videre
431 3431 462 3481 et
491 3422 677 3482 curiositate
709 3422 825 3482 ductus
856 3421 988 3498 aliquod

231 3519 359 3596 signum
382 3521 531 3595 sperabat
552 3519 633 3580 fieri,
669 3518 734 3580 Sed
756 3537 829 3579 cum
852 3536 988 3595 respon·

595 3623 620 3664 aa
