2144 4168
367 485 485 528 Adnotutlo
499 485 583 527 critica.

98 634 218 695 Christi
239 633 402 706 Passione,
423 636 580 709 usquead
594 636 852 696 resurrectionem

95 715 249 785 eiusdem,
274 715 364 775 iuxta
387 720 417 774 4.
438 715 665 789 Euangelistas
686 716 751 786 ⁸n,·
779 718 818 776 57
839 731 853 773 2

98 795 211 858 Oratio
231 811 329 870 snper
342 795 413 871 (pro
428 795 486 871 De)
510 810 537 865 c,
561 793 673 855 Oratio
687 796 727 856 de
747 796 799 868 ⁸⁰,
822 801 854 856 et

96 876 168 952 (pro
199 875 259 951 De)
284 876 320 946 b,
356 893 440 953 quae
476 874 663 935 coniunctio
694 876 853 937 conexiva

96 955 852 1032 continuoexcipitproximeuntecedenseuan-

94 1036 295 1112 gelistarum,
310 1046 345 1095 ut
355 1036 438 1096 dein
448 1051 472 1089 a
478 1051 491 1106 ;
504 1040 537 1094 et
545 1034 616 1111 (pro
631 1052 652 1095 a
664 1037 733 1113 ¹)A.
754 1053 853 1112 spro-

95 1117 223 1176 ditore²
246 1135 273 1175 a.
313 1133 372 1176 sa
396 1116 527 1192 propn'o
555 1116 714 1191 discipulo
742 1134 806 1177 om.
827 1139 851 1192 γ.

96 1201 148 1272 58,
168 1213 182 1254 5
204 1200 358 1255 uenturus
379 1196 450 1273 (pro
466 1197 612 1273 saturus)
633 1219 658 1272 γ.
702 1213 779 1255 14.15
800 1213 852 1256 ne-

95 1281 204 1352 queo³
244 1276 493 1351 tranquillitatis
534 1276 653 1336 ironam
695 1277 779 1337 inter
810 1279 852 1338 B.

99 1375 126 1416 16
153 1355 255 1416 Amen
284 1357 355 1416 add.
385 1354 417 1418 Δ.
458 1373 485 1414 27
515 1357 594 1416 Post
621 1358 755 1432 coepisti
782 1357 852 1417 add.

97 1438 246 1497 taedere⁴
267 1438 308 1496 B.
350 1440 401 1512 59,
420 1454 435 1494 4
455 1436 539 1496 alios
566 1436 638 1512 (pro
664 1437 853 1513 discipulos)

97 1540 111 1575 ε
128 1517 158 1578 Σ.
200 1534 213 1576 7
231 1517 482 1593 pusillanimos⁵
503 1516 558 1576 *tn
592 1533 607 1575 o
627 1518 809 1593 desperaret
827 1541 851 1594 γ.

98 1614 122 1656 11
142 1603 203 1657 aot
223 1615 286 1658 om.
302 1614 337 1669 o,
359 1597 418 1656 sed
440 1598 484 1656 ad
504 1596 538 1657 in
561 1613 673 1656 rasura
695 1598 851 1673 scriptum

97 1687 161 1754 est,
183 1679 280 1754 utque
302 1678 346 1738 ita
367 1677 511 1754 quidem,
532 1686 568 1737 ut
584 1693 669 1753 pone
684 1679 729 1738 od
743 1678 854 1739 etiam-

97 1775 188 1818 nunc
210 1758 348 1835 vestigia
369 1757 482 1818 literae
503 1765 517 1813 t
541 1767 730 1834 appareant3
758 1774 855 1834 quae·

97 1839 200 1898 dam⁶
221 1840 340 1898 omA.
373 1854 398 1895 14
419 1838 530 1913 legerit
549 1837 607 1898 εΣ.
640 1855 665 1896 15
684 1839 733 1898 vis
750 1856 813 1898 om.
828 1861 854 1899 n.

100 1935 126 1976 ιε
154 1933 174 1973 ο
198 1935 261 1979 om.
282 1919 460 1996 nodilo.
501 1933 526 1976 21
556 1919 802 1994 contemplando
829 1942 854 1996 γ.

96 2015 127 2056 so
148 1998 249 2058 Amen
270 1999 342 2059 udd.
364 1996 397 2057 Δ.

163 2139 256 2216 [Cap.
273 2139 341 2216 HL]
372 2143 422 2216 60,
441 2156 463 2200 2.
481 2157 496 2198 3
514 2139 804 2214 (Gratiarumaetio
818 2142 855 2216 a)

96 2219 139 2280 de
167 2220 253 2280 tn‘na
281 2220 427 2281 oratione
447 2225 481 2280 et
496 2221 714 2296 prostratione
812 2236 856 2279 re-

96 2300 282 2374 signatione
302 2301 481 2361 voluntatis
494 2325 519 2377 l·
549 2301 596 2360 De
610 2302 696 2361 trina
710 2301 857 2361 oratione

99 2453 261 2460 -—-—-

161 2537 171 2564 ²
185 2534 236 2580 ctr.
248 2537 281 2586 11,
291 2558 309 2585 ῃ.
320 2551 342 2585 1:
358 2540 391 2580 De
405 2540 554 2589 redemptione
617 2551 661 2589 per
675 2567 712 2578 ...
727 2539 856 2588 mysterium

98 2597 121 2631 et
137 2589 187 2641 105,
203 2603 224 2637 1:
243 2593 424 2633 conculcationem
438 2606 452 2632 o
463 2594 599 2643 potentiore,
617 2593 655 2632 ubi
675 2591 780 2633 similiter
794 2603 856 2645 prae·

98 2644 226 2696 positiones
237 2657 282 2694 per
295 2653 316 2687 et
329 2659 344 2686 n
357 2658 386 2687 ex
399 2646 588 2699 appellationibus
603 2655 666 2698 aptae
681 2653 742 2688 sunt.

161 2705 312 2748 ¹Pleniorem
328 2707 478 2749 levidenslum
493 2708 614 2749 lectionum
629 2709 771 2760 varietatem,
788 2719 855 2761 quatu

99 2758 173 2800 adhuc
187 2761 288 2813 enotavi,
306 2761 334 2802 ad
349 2773 387 2813 ea,
404 2773 460 2815 quae
475 2773 545 2814 supra
559 2761 586 2802 de
601 2760 710 2803 librorum
725 2761 856 2803 condicione

99 2813 275 2906 coffinationeque
294 2815 422 2867 disputavi,
436 2815 472 2856 rel
487 2815 652 2866 comprobanda
666 2815 700 2856 vel
716 2814 856 2856 inlustranda

79 2896 81 2900 ,
100 2879 128 2908 su
141 2866 206 2908 ficere
219 2875 282 2909 ratus
297 2868 378 2909 dehinc
392 2870 520 2920 graviorum
535 2876 620 2910 tantum
635 2870 743 2910 tationem
758 2868 855 2919 habeb03

99 2929 136 2971 vel
154 2930 250 2972 maxime
267 2929 374 2972 lectiones
389 2932 500 2972 variantes
518 2937 568 2975 eet
585 2924 604 2984 ξ
620 2939 685 2984 atque
706 2931 798 2972 omniuo
820 2941 856 2983 pe·

99 2991 197 3033 cullares
212 2994 312 3046 exceptis
327 2994 405 3046 paucis
421 2994 505 3034 missas
521 2993 608 3035 luciam.

163 3055 172 3082 ⁸
187 3053 212 3095 lu
227 3054 293 3096 libris
309 3054 342 3096 De
358 3056 415 3097 imit.
430 3064 452 3098 et
465 3069 509 3096 non
519 3067 584 3106 posse
599 3063 620 3097 et
633 3055 725 3105 nequire
740 3064 801 3096 sunt.

161 3117 171 3144 ⁴
181 3114 231 3159 Cfr.
243 3116 312 3160 Marc.
325 3118 357 3170 14,
367 3118 406 3159 33:
417 3124 438 3158 et
447 3119 516 3168 eoepit
522 3129 606 3168 pavere
615 3122 636 3158 et
645 3119 739 3158 laedere.
757 3116 856 3158 Thomas

100 3171 176 3212 locum
191 3183 232 3223 pro
247 3183 289 3212 sua
303 3172 465 3214 consuetudine
479 3172 567 3213 videtur
583 3172 710 3212 memoriter
725 3170 856 3224 protulisse.

99 3224 160 3278 quod
170 3224 206 3266 rel
217 3225 293 3266 verbis
308 3225 390 3266 additis
405 3231 426 3266 et
439 3230 535 3266 maestus
544 3236 590 3265 esee
600 3237 613 3264 a
621 3237 675 3266 vero
686 3237 730 3266 non
740 3224 856 3276 abhorret3

100 3279 139 3332 qul
155 3289 212 3318 usus
227 3279 278 3319 eius
293 3279 374 3330 dignus
389 3287 432 3329 est,
447 3279 532 3331 dequo
547 3279 672 3320 accuratius
687 3279 825 3330 anquiratur.

163 3339 246 3383 ⁵13ch
261 3339 287 3386 7.
305 3341 319 3382 9
332 3349 353 3382 et
369 3340 376 3381 l
392 3340 474 3382 Thess.
489 3342 514 3390 5,
536 3340 560 3381 14
579 3342 646 3394 inque
663 3340 741 3382 lexicis
757 3339 821 3382 Klotz
836 3348 857 3382 et

101 3394 207 3446 Ducange
223 3394 308 3436 lormae
322 3403 408 3436 tantum
422 3395 443 3434 3.
454 3393 535 3435 decllu.
551 3403 616 3445 sunt3
631 3402 707 3435 contra
721 3394 786 3436 lectio
796 3394 857 3435 vide·

100 3456 137 3490 tur
151 3447 256 3490 vacillare
272 3447 302 3490 Is.
317 3449 357 3500 35,
371 3447 392 3489 t.
422 3445 524 3499 Georges
539 3449 562 3489 in
577 3449 642 3489 lexic.
657 3455 679 3489 et
694 3447 712 3489 l.
727 3455 749 3489 et
762 3447 783 3490 3.
800 3448 856 3489 decl.

101 3503 186 3544 lormts
201 3502 332 3554 adscripsit.

162 3565 172 3592 ⁶
186 3563 273 3616 quaeda
286 3572 339 3617 post
352 3563 468 3603 subeundo
483 3562 547 3604 facile
563 3564 634 3616 potuit
648 3563 758 3605 excidere.

461 3650 501 3692 427
