2152 4174
242 390 996 502 Quum&

234 577 369 654 gloriam
393 579 478 656 lesu,
502 582 560 642 sed
582 581 717 641 latronis
739 581 829 657 impii
851 597 996 657 poenam

235 677 384 753 recipies,
432 678 466 739 Si
496 696 575 739 vero
603 679 744 756 benigne
774 688 806 738 et
833 679 998 739 laetanter

233 775 343 848 omnia
372 776 533 853 sustines,
561 777 669 838 vicisti
699 793 739 836 ex
763 793 878 853 magna
899 787 995 853 parte

234 873 420 951 malignum.
444 875 494 935 Ne
509 891 586 951 ergo
602 875 718 935 timeas
733 875 857 935 ordinis
871 875 995 935 stricti·

210 971 378 1033 studinem
401 989 463 1032 nec
485 972 610 1034 diemm
634 981 804 1049 computes
825 972 994 1049 longaevi·

233 1077 349 1146 tatem3
378 1069 495 1130 caritas
518 1069 643 1131 Christi
669 1078 701 1130 et
725 1070 862 1131 dulcedo
884 1070 993 1130 bonae

232 1167 318 1229 vitae
341 1168 538 1228 alleviabant
566 1184 650 1227 onus
679 1167 825 1227 laborum
848 1176 991 1228 tuorum.

234 1267 345 1326 Habes
356 1265 444 1328 enim
456 1274 699 1325 antecessorem
711 1265 888 1340 asperioris
903 1265 991 1326 vitae

233 1371 265 1424 et
279 1364 395 1425 ducem
412 1361 607 1439 exemplaris
622 1361 734 1437 optimi
749 1363 868 1438 lesum,
884 1363 989 1424 filium

198 1477 222 1519 ro
233 1461 305 1538 Dei,
327 1479 479 1539 magnum
496 1461 603 1521 crucis
618 1469 800 1536 patronum,
823 1459 932 1520 crucis
955 1459 990 1519 in
1065 1465 1066 1506 l

232 1574 269 1618 se
290 1558 479 1634 gravitatem
508 1559 592 1618 bene
618 1566 797 1634 expertum.
841 1556 991 1634 Sequere
1065 1597 1066 1610 r

232 1672 308 1732 ergo
338 1657 531 1717 salvatorem
561 1673 621 1732 per
648 1671 779 1716 crucem
809 1670 989 1730 numquam

232 1755 413 1815 deserendo
445 1752 637 1830 religionem
668 1769 730 1812 nec
766 1749 883 1811 fervidi
920 1767 990 1810 mo-

231 1853 326 1913 nachi
356 1852 447 1914 laxes
474 1850 696 1928 propositum,
725 1859 757 1909 et
785 1848 852 1908 eris
876 1848 990 1910 salvus

198 1950 264 2012 isin
306 1959 510 2028 perpetuum.
567 1949 600 2010 Si
643 1963 784 2024 namque
822 1945 990 2006 voluisses

231 2048 353 2108 saeculi
377 2048 440 2109 frui
458 2047 586 2108 deliciis
601 2056 655 2107 aut
669 2044 810 2123 propriis
825 2043 872 2104 uti
888 2045 989 2104 rebus
1065 2059 1066 2116 t

230 2163 289 2208 seu
320 2145 561 2221 voluntatibus,
596 2144 776 2205 mansisses
807 2142 922 2219 utique
953 2143 989 2203 in

230 2237 371 2307 saeculo.
418 2245 515 2305 Nunc
543 2260 622 2303 vero
652 2241 822 2304 Christum
852 2249 989 2302 secutus

230 2359 289 2419 per
323 2341 491 2419 religionis
525 2341 711 2417 ingressum
745 2348 822 2400 tene
859 2338 990 2400 fortiter

192 2456 393 2516 aonormam‚
422 2456 518 2517 quam
543 2438 732 2514 promisisti.
775 2437 843 2499 Ora
865 2438 989 2512 lesum,

229 2547 264 2600 ut
294 2548 327 2598 te
356 2546 490 2599 strenue
521 2535 627 2612 iuvet;
657 2553 731 2596 nam
763 2535 818 2612 qui
848 2534 989 2595 contulit

228 2645 324 2696 antea
336 2637 421 2696 bene
436 2633 592 2711 incipere,
614 2633 701 2693 dabit
715 2642 748 2693 et
763 2632 893 2693 felicius
909 2649 988 2693 con·

228 2748 403 2794 summare.

269 2831 298 2893 Ο
324 2832 399 2891 Iesu
428 2829 658 2905 dilectissime,
686 2827 840 2905 princeps
869 2844 984 2904 regum
1065 2823 1066 2830 ’

191 2937 344 3007 aetenae,
359 2936 467 2988 rector
480 2927 680 3004 angelorum,
695 2925 806 2986 inclite
819 2925 987 2986 vexillifer
1065 2977 1066 3020 ,

228 3025 374 3086 omnium
386 3023 662 3100 Christianorum,
677 3023 732 3100 qui
749 3041 880 3084 crucem
892 3033 984 3085 tuam
1065 3023 1066 3080 l

227 3122 368 3200 propriis
389 3121 513 3182 umeris
534 3121 669 3197 portasti
684 3130 759 3182 ante
775 3120 892 3182 laciem
908 3122 986 3181 sub·

227 3221 434 3282 sannantium
478 3220 670 3280 ludaeorum
709 3236 767 3295 pro
803 3219 908 3280 salute
951 3229 984 3281 et
1065 3231 1066 3238 ³

227 3319 376 3394 exemplo
398 3334 569 3378 servorum
590 3325 732 3391 tuorum,
754 3317 899 3376 concede
919 3326 985 3377 tar·

189 3415 316 3478 ruditati
345 3432 437 3476 meae
465 3415 499 3475 in
528 3415 588 3473 hac
617 3413 828 3489 processione
852 3422 885 3473 te
907 3415 985 3474 sub·

226 3514 337 3591 sequi;
358 3530 420 3574 nec
442 3513 575 3572 deseras
596 3527 649 3571 me
671 3521 745 3572 ante
767 3510 983 3572 constitutum

585 3615 624 3656 no
