<?xml version="1.0" encoding="UTF-8"?>
<!DOCTYPE html PUBLIC "-//W3C//DTD XHTML 1.0 Transitional//EN"
    "http://www.w3.org/TR/xhtml1/DTD/xhtml1-transitional.dtd">
<html xmlns="http://www.w3.org/1999/xhtml" xml:lang="en" lang="en">
 <head>
  <title>
</title>
<meta http-equiv="Content-Type" content="text/html;charset=utf-8" />
  <meta name='ocr-system' content='tesseract 3.04.00' />
  <meta name='ocr-capabilities' content='ocr_page ocr_carea ocr_par ocr_line ocrx_word'/>
</head>
<body>
  <div class='ocr_page' id='page_1' title='image "./thomaehemerkena02pohlgoog_0068.png"; bbox 0 0 2118 4180; ppageno 0'>
   <div class='ocr_carea' id='block_1_1' title="bbox 80 402 820 524">
    <p class='ocr_par' dir='ltr' id='par_1_1' title="bbox 80 402 820 524">
     <span class='ocr_line' id='line_1_1' title="bbox 80 402 820 524; baseline -0.008 0"><span class='ocrx_word' id='word_1_1' title='bbox 80 402 820 524; x_wconf 51' lang='lat' dir='ltr'>Qbfflvnaffiffi</span> 
     </span>
    </p>
   </div>
   <div class='ocr_carea' id='block_1_2' title="bbox 6 595 861 3503">
    <p class='ocr_par' dir='ltr' id='par_1_2' title="bbox 68 595 861 1554">
     <span class='ocr_line' id='line_1_2' title="bbox 110 595 825 674; baseline -0.008 -13"><span class='ocrx_word' id='word_1_2' title='bbox 110 603 238 661; x_wconf 91' lang='lat' dir='ltr'>Bonum</span> <span class='ocrx_word' id='word_1_3' title='bbox 279 607 330 658; x_wconf 90' lang='lat' dir='ltr'>est</span> <span class='ocrx_word' id='word_1_4' title='bbox 366 596 447 657; x_wconf 91' lang='lat' dir='ltr'>mihi</span> <span class='ocrx_word' id='word_1_5' title='bbox 482 606 611 674; x_wconf 91' lang='lat' dir='ltr'>portare</span> <span class='ocrx_word' id='word_1_6' title='bbox 647 595 825 657; x_wconf 85' lang='lat' dir='ltr'>Dominum</span> 
     </span>
     <span class='ocr_line' id='line_1_3' title="bbox 71 695 825 772; baseline -0.009 -13"><span class='ocrx_word' id='word_1_7' title='bbox 71 716 178 759; x_wconf 94' lang='lat' dir='ltr'>meum</span> <span class='ocrx_word' id='word_1_8' title='bbox 206 706 239 757; x_wconf 93' lang='lat' dir='ltr'>et</span> <span class='ocrx_word' id='word_1_9' title='bbox 267 695 432 757; x_wconf 92' lang='lat' dir='ltr'>subditum</span> <span class='ocrx_word' id='word_1_10' title='bbox 462 712 536 755; x_wconf 93' lang='lat' dir='ltr'>esse</span> <span class='ocrx_word' id='word_1_11' title='bbox 565 695 627 772; x_wconf 85' lang='lat' dir='ltr'>legi</span> <span class='ocrx_word' id='word_1_12' title='bbox 658 704 733 755; x_wconf 88' lang='lat' dir='ltr'>tuae</span> <span class='ocrx_word' id='word_1_13' title='bbox 764 710 825 754; x_wconf 93' lang='lat' dir='ltr'>nec</span> 
     </span>
     <span class='ocr_line' id='line_1_4' title="bbox 70 790 826 871; baseline -0.009 -15"><span class='ocrx_word' id='word_1_14' title='bbox 70 795 273 856; x_wconf 85' lang='lat' dir='ltr'>recalcitrare</span> <span class='ocrx_word' id='word_1_15' title='bbox 294 802 467 871; x_wconf 89' lang='lat' dir='ltr'>praecepto</span> <span class='ocrx_word' id='word_1_16' title='bbox 496 791 739 867; x_wconf 89' lang='lat' dir='ltr'>oboedientiae,</span> <span class='ocrx_word' id='word_1_17' title='bbox 767 790 826 850; x_wconf 91' lang='lat' dir='ltr'>sed</span> 
     </span>
     <span class='ocr_line' id='line_1_5' title="bbox 70 888 826 970; baseline -0.005 -18"><span class='ocrx_word' id='word_1_18' title='bbox 70 910 140 954; x_wconf 93' lang='lat' dir='ltr'>cum</span> <span class='ocrx_word' id='word_1_19' title='bbox 158 891 314 970; x_wconf 89' lang='lat' dir='ltr'>patientia</span> <span class='ocrx_word' id='word_1_20' title='bbox 335 901 368 951; x_wconf 89' lang='lat' dir='ltr'>et</span> <span class='ocrx_word' id='word_1_21' title='bbox 388 890 639 951; x_wconf 85' lang='lat' dir='ltr'>mansuetudine</span> <span class='ocrx_word' id='word_1_22' title='bbox 662 906 745 950; x_wconf 91' lang='lat' dir='ltr'>onus</span> <span class='ocrx_word' id='word_1_23' title='bbox 767 888 826 948; x_wconf 95' lang='lat' dir='ltr'>im·</span> 
     </span>
     <span class='ocr_line' id='line_1_6' title="bbox 69 988 848 1067; baseline -0.008 -16"><span class='ocrx_word' id='word_1_24' title='bbox 69 991 209 1066; x_wconf 91' lang='lat' dir='ltr'>positum</span> <span class='ocrx_word' id='word_1_25' title='bbox 238 998 440 1067; x_wconf 89' lang='lat' dir='ltr'>supportare.</span> <span class='ocrx_word' id='word_1_26' title='bbox 483 988 553 1049; x_wconf 93' lang='lat' dir='ltr'>Nec</span> <span class='ocrx_word' id='word_1_27' title='bbox 579 1004 734 1064; x_wconf 89' lang='lat' dir='ltr'>umquam</span> <span class='ocrx_word' id='word_1_28' title='bbox 757 1001 848 1046; x_wconf 79' lang='lat' dir='ltr'>ces-s</span> 
     </span>
     <span class='ocr_line' id='line_1_7' title="bbox 69 1085 825 1162; baseline -0.004 -15"><span class='ocrx_word' id='word_1_29' title='bbox 69 1088 205 1147; x_wconf 90' lang='lat' dir='ltr'>sandum</span> <span class='ocrx_word' id='word_1_30' title='bbox 227 1104 246 1146; x_wconf 92' lang='lat' dir='ltr'>a</span> <span class='ocrx_word' id='word_1_31' title='bbox 267 1087 377 1146; x_wconf 92' lang='lat' dir='ltr'>labore</span> <span class='ocrx_word' id='word_1_32' title='bbox 399 1095 450 1146; x_wconf 89' lang='lat' dir='ltr'>est</span> <span class='ocrx_word' id='word_1_33' title='bbox 475 1094 507 1146; x_wconf 92' lang='lat' dir='ltr'>et</span> <span class='ocrx_word' id='word_1_34' title='bbox 530 1104 549 1146; x_wconf 90' lang='lat' dir='ltr'>a</span> <span class='ocrx_word' id='word_1_35' title='bbox 571 1085 731 1162; x_wconf 84' lang='lat' dir='ltr'><strong>spirituali</strong></span> <span class='ocrx_word' id='word_1_36' title='bbox 753 1102 825 1161; x_wconf 93' lang='lat' dir='ltr'>pro·</span> 
     </span>
     <span class='ocr_line' id='line_1_8' title="bbox 70 1181 824 1262; baseline -0.004 -18"><span class='ocrx_word' id='word_1_37' title='bbox 70 1185 172 1261; x_wconf 85' lang='lat' dir='ltr'>iectu,</span> <span class='ocrx_word' id='word_1_38' title='bbox 194 1201 302 1262; x_wconf 94' lang='lat' dir='ltr'>neque</span> <span class='ocrx_word' id='word_1_39' title='bbox 323 1184 425 1244; x_wconf 89' lang='lat' dir='ltr'>altera</span> <span class='ocrx_word' id='word_1_40' title='bbox 445 1183 498 1244; x_wconf 90' lang='lat' dir='ltr'>via</span> <span class='ocrx_word' id='word_1_41' title='bbox 519 1183 680 1258; x_wconf 90' lang='lat' dir='ltr'>eundum,</span> <span class='ocrx_word' id='word_1_42' title='bbox 710 1182 769 1242; x_wconf 89' lang='lat' dir='ltr'>sed</span> <span class='ocrx_word' id='word_1_43' title='bbox 791 1181 824 1242; x_wconf 96' lang='lat' dir='ltr'>in</span> 
     </span>
     <span class='ocr_line' id='line_1_9' title="bbox 69 1279 824 1358; baseline -0.005 -16"><span class='ocrx_word' id='word_1_44' title='bbox 69 1291 179 1342; x_wconf 88' lang='lat' dir='ltr'>sancto</span> <span class='ocrx_word' id='word_1_45' title='bbox 200 1281 368 1358; x_wconf 93' lang='lat' dir='ltr'>proposito</span> <span class='ocrx_word' id='word_1_46' title='bbox 390 1280 643 1357; x_wconf 88' lang='lat' dir='ltr'>procedendum,</span> <span class='ocrx_word' id='word_1_47' title='bbox 667 1279 771 1339; x_wconf 93' lang='lat' dir='ltr'>donec</span> <span class='ocrx_word' id='word_1_48' title='bbox 792 1287 824 1339; x_wconf 88' lang='lat' dir='ltr'>te</span> 
     </span>
     <span class='ocr_line' id='line_1_10' title="bbox 69 1377 825 1452; baseline -0.007 -12"><span class='ocrx_word' id='word_1_49' title='bbox 69 1379 199 1440; x_wconf 84' lang='lat' dir='ltr'>iuvante</span> <span class='ocrx_word' id='word_1_50' title='bbox 228 1388 261 1440; x_wconf 85' lang='lat' dir='ltr'>et</span> <span class='ocrx_word' id='word_1_51' title='bbox 282 1380 421 1439; x_wconf 87' lang='lat' dir='ltr'>ducente</span> <span class='ocrx_word' id='word_1_52' title='bbox 450 1379 489 1438; x_wconf 98' lang='lat' dir='ltr'>ad</span> <span class='ocrx_word' id='word_1_53' title='bbox 512 1377 690 1438; x_wconf 89' lang='lat' dir='ltr'>Ierusalem</span> <span class='ocrx_word' id='word_1_54' title='bbox 712 1392 825 1452; x_wconf 91' lang='lat' dir='ltr'>super·</span> 
     </span>
     <span class='ocr_line' id='line_1_11' title="bbox 68 1475 861 1554; baseline -0.006 -18"><span class='ocrx_word' id='word_1_55' title='bbox 68 1493 138 1536; x_wconf 93' lang='lat' dir='ltr'>nam</span> <span class='ocrx_word' id='word_1_56' title='bbox 162 1477 323 1554; x_wconf 86' lang='lat' dir='ltr'>veniatur,</span> <span class='ocrx_word' id='word_1_57' title='bbox 345 1477 399 1537; x_wconf 95' lang='lat' dir='ltr'>ubi</span> <span class='ocrx_word' id='word_1_58' title='bbox 421 1494 483 1554; x_wconf 85' lang='lat' dir='ltr'>pax</span> <span class='ocrx_word' id='word_1_59' title='bbox 504 1485 555 1537; x_wconf 88' lang='lat' dir='ltr'>est</span> <span class='ocrx_word' id='word_1_60' title='bbox 576 1475 784 1552; x_wconf 89' lang='lat' dir='ltr'>sempiterna.</span> <span class='ocrx_word' id='word_1_61' title='bbox 836 1490 861 1532; x_wconf 82' lang='lat' dir='ltr'>lo</span> 
     </span>
    </p>

    <p class='ocr_par' dir='ltr' id='par_1_3' title="bbox 68 1573 825 1942">
     <span class='ocr_line' id='line_1_12' title="bbox 105 1573 825 1651; baseline -0.003 -17"><span class='ocrx_word' id='word_1_62' title='bbox 105 1574 251 1651; x_wconf 87' lang='lat' dir='ltr'>Ideoque</span> <span class='ocrx_word' id='word_1_63' title='bbox 283 1592 356 1635; x_wconf 91' lang='lat' dir='ltr'>eum</span> <span class='ocrx_word' id='word_1_64' title='bbox 387 1573 499 1651; x_wconf 93' lang='lat' dir='ltr'>pueris</span> <span class='ocrx_word' id='word_1_65' title='bbox 528 1573 754 1633; x_wconf 86' lang='lat' dir='ltr'>Hebraeorum</span> <span class='ocrx_word' id='word_1_66' title='bbox 785 1573 825 1632; x_wconf 89' lang='lat' dir='ltr'>ad</span> 
     </span>
     <span class='ocr_line' id='line_1_13' title="bbox 68 1670 824 1732; baseline 0 -2"><span class='ocrx_word' id='word_1_67' title='bbox 68 1681 97 1731; x_wconf 92' lang='lat' dir='ltr'>te</span> <span class='ocrx_word' id='word_1_68' title='bbox 111 1673 230 1732; x_wconf 87' lang='lat' dir='ltr'>devote</span> <span class='ocrx_word' id='word_1_69' title='bbox 246 1673 392 1732; x_wconf 88' lang='lat' dir='ltr'>exclamo</span> <span class='ocrx_word' id='word_1_70' title='bbox 408 1671 562 1732; x_wconf 89' lang='lat' dir='ltr'>dicendo:</span> <span class='ocrx_word' id='word_1_71' title='bbox 586 1671 743 1731; x_wconf 88' lang='lat' dir='ltr'>Hosanna</span> <span class='ocrx_word' id='word_1_72' title='bbox 758 1670 824 1730; x_wconf 85' lang='lat' dir='ltr'>lilio</span> 
     </span>
     <span class='ocr_line' id='line_1_14' title="bbox 70 1766 825 1846; baseline 0 -18"><span class='ocrx_word' id='word_1_73' title='bbox 70 1769 181 1846; x_wconf 84' lang='lat' dir='ltr'>David,</span> <span class='ocrx_word' id='word_1_74' title='bbox 203 1769 350 1829; x_wconf 85' lang='lat' dir='ltr'>salvifica</span> <span class='ocrx_word' id='word_1_75' title='bbox 363 1786 416 1829; x_wconf 95' lang='lat' dir='ltr'>me</span> <span class='ocrx_word' id='word_1_76' title='bbox 432 1769 465 1829; x_wconf 95' lang='lat' dir='ltr'>in</span> <span class='ocrx_word' id='word_1_77' title='bbox 487 1767 637 1828; x_wconf 90' lang='lat' dir='ltr'>excelsis.</span> <span class='ocrx_word' id='word_1_78' title='bbox 666 1766 748 1844; x_wconf 74' lang='lat' dir='ltr'>Ave,</span> <span class='ocrx_word' id='word_1_79' title='bbox 768 1784 825 1828; x_wconf 85' lang='lat' dir='ltr'>rex</span> 
     </span>
     <span class='ocr_line' id='line_1_15' title="bbox 68 1865 824 1942; baseline 0.001 -17"><span class='ocrx_word' id='word_1_80' title='bbox 68 1865 189 1942; x_wconf 88' lang='lat' dir='ltr'>mundi,</span> <span class='ocrx_word' id='word_1_81' title='bbox 211 1867 353 1927; x_wconf 90' lang='lat' dir='ltr'>salvator</span> <span class='ocrx_word' id='word_1_82' title='bbox 367 1868 483 1927; x_wconf 92' lang='lat' dir='ltr'>domus</span> <span class='ocrx_word' id='word_1_83' title='bbox 506 1866 617 1942; x_wconf 84' lang='lat' dir='ltr'>lsrael,</span> <span class='ocrx_word' id='word_1_84' title='bbox 638 1882 736 1942; x_wconf 91' lang='lat' dir='ltr'>quem</span> <span class='ocrx_word' id='word_1_85' title='bbox 751 1882 824 1942; x_wconf 90' lang='lat' dir='ltr'>pro·</span> 
     </span>
    </p>

    <p class='ocr_par' dir='ltr' id='par_1_4' title="bbox 6 1963 860 2236">
     <span class='ocr_line' id='line_1_16' title="bbox 6 1963 860 2050; baseline 0 -26"><span class='ocrx_word' id='word_1_86' title='bbox 6 2033 7 2050; x_wconf 17' lang='grc' dir='ltr'><strong>ἶ</strong></span> <span class='ocrx_word' id='word_1_87' title='bbox 68 1965 182 2039; x_wconf 88' lang='lat' dir='ltr'>phetae</span> <span class='ocrx_word' id='word_1_88' title='bbox 204 1965 244 2024; x_wconf 91' lang='lat' dir='ltr'>ab</span> <span class='ocrx_word' id='word_1_89' title='bbox 266 1964 392 2041; x_wconf 87' lang='lat' dir='ltr'>origine</span> <span class='ocrx_word' id='word_1_90' title='bbox 407 1963 519 2025; x_wconf 93' lang='lat' dir='ltr'>mundi</span> <span class='ocrx_word' id='word_1_91' title='bbox 541 1972 716 2023; x_wconf 91' lang='lat' dir='ltr'>venturum</span> <span class='ocrx_word' id='word_1_92' title='bbox 733 1974 860 2040; x_wconf 86' lang='lat' dir='ltr'>prae-¹⁵</span> 
     </span>
     <span class='ocr_line' id='line_1_17' title="bbox 68 2060 824 2139; baseline 0.001 -20"><span class='ocrx_word' id='word_1_93' title='bbox 68 2060 273 2137; x_wconf 86' lang='lat' dir='ltr'>dicaverunt,</span> <span class='ocrx_word' id='word_1_94' title='bbox 304 2070 336 2122; x_wconf 89' lang='lat' dir='ltr'>et</span> <span class='ocrx_word' id='word_1_95' title='bbox 364 2062 457 2139; x_wconf 86' lang='lat' dir='ltr'>plebs</span> <span class='ocrx_word' id='word_1_96' title='bbox 486 2061 637 2121; x_wconf 87' lang='lat' dir='ltr'>Hebraea</span> <span class='ocrx_word' id='word_1_97' title='bbox 666 2060 824 2121; x_wconf 89' lang='lat' dir='ltr'>hodierna</span> 
     </span>
     <span class='ocr_line' id='line_1_18' title="bbox 6 2153 823 2236; baseline 0 -19"><span class='ocrx_word' id='word_1_98' title='bbox 6 2153 7 2192; x_wconf 73' lang='lat'>³</span> <span class='ocrx_word' id='word_1_99' title='bbox 68 2158 116 2218; x_wconf 91' lang='lat' dir='ltr'>die</span> <span class='ocrx_word' id='word_1_100' title='bbox 139 2175 214 2219; x_wconf 92' lang='lat' dir='ltr'>cum</span> <span class='ocrx_word' id='word_1_101' title='bbox 236 2159 339 2236; x_wconf 87' lang='lat' dir='ltr'>gloria</span> <span class='ocrx_word' id='word_1_102' title='bbox 367 2157 472 2218; x_wconf 90' lang='lat' dir='ltr'>laudis</span> <span class='ocrx_word' id='word_1_103' title='bbox 494 2157 641 2235; x_wconf 87' lang='lat' dir='ltr'>gaudens</span> <span class='ocrx_word' id='word_1_104' title='bbox 669 2157 823 2234; x_wconf 90' lang='lat' dir='ltr'>suscepit.</span> 
     </span>
    </p>

    <p class='ocr_par' dir='ltr' id='par_1_5' title="bbox 6 2255 860 2622">
     <span class='ocr_line' id='line_1_19' title="bbox 104 2255 824 2334; baseline -0.003 -18"><span class='ocrx_word' id='word_1_105' title='bbox 104 2255 150 2317; x_wconf 91' lang='lat' dir='ltr'>Te</span> <span class='ocrx_word' id='word_1_106' title='bbox 172 2257 289 2333; x_wconf 88' lang='lat' dir='ltr'>adoro,</span> <span class='ocrx_word' id='word_1_107' title='bbox 314 2266 347 2317; x_wconf 89' lang='lat' dir='ltr'>te</span> <span class='ocrx_word' id='word_1_108' title='bbox 368 2257 532 2334; x_wconf 85' lang='lat' dir='ltr'>glorifico,</span> <span class='ocrx_word' id='word_1_109' title='bbox 557 2256 612 2334; x_wconf 92' lang='lat' dir='ltr'>qui</span> <span class='ocrx_word' id='word_1_110' title='bbox 635 2255 668 2315; x_wconf 95' lang='lat' dir='ltr'>in</span> <span class='ocrx_word' id='word_1_111' title='bbox 691 2255 824 2315; x_wconf 91' lang='lat' dir='ltr'>nomine</span> 
     </span>
     <span class='ocr_line' id='line_1_20' title="bbox 68 2353 824 2427; baseline -0.001 -14"><span class='ocrx_word' id='word_1_112' title='bbox 68 2353 164 2427; x_wconf 87' lang='lat' dir='ltr'>patris</span> <span class='ocrx_word' id='word_1_113' title='bbox 185 2354 233 2414; x_wconf 92' lang='lat' dir='ltr'>tui</span> <span class='ocrx_word' id='word_1_114' title='bbox 255 2354 375 2414; x_wconf 88' lang='lat' dir='ltr'>venisti</span> <span class='ocrx_word' id='word_1_115' title='bbox 398 2371 459 2415; x_wconf 87' lang='lat' dir='ltr'>nos</span> <span class='ocrx_word' id='word_1_116' title='bbox 481 2353 642 2415; x_wconf 88' lang='lat' dir='ltr'>redimere</span> <span class='ocrx_word' id='word_1_117' title='bbox 664 2354 704 2413; x_wconf 91' lang='lat' dir='ltr'>de</span> <span class='ocrx_word' id='word_1_118' title='bbox 726 2370 824 2413; x_wconf 88' lang='lat' dir='ltr'>manu</span> 
     </span>
     <span class='ocr_line' id='line_1_21' title="bbox 6 2449 860 2529; baseline -0.001 -20"><span class='ocrx_word' id='word_1_119' title='bbox 6 2471 8 2484; x_wconf 63' lang='lat'><strong>¹</strong></span> <span class='ocrx_word' id='word_1_120' title='bbox 68 2450 189 2511; x_wconf 92' lang='lat' dir='ltr'>inimici</span> <span class='ocrx_word' id='word_1_121' title='bbox 225 2459 257 2511; x_wconf 93' lang='lat' dir='ltr'>et</span> <span class='ocrx_word' id='word_1_122' title='bbox 293 2460 349 2511; x_wconf 94' lang='lat' dir='ltr'>tuo</span> <span class='ocrx_word' id='word_1_123' title='bbox 384 2451 527 2529; x_wconf 88' lang='lat' dir='ltr'>pretioso</span> <span class='ocrx_word' id='word_1_124' title='bbox 563 2449 721 2527; x_wconf 85' lang='lat' dir='ltr'>sanguine</span> <span class='ocrx_word' id='word_1_125' title='bbox 754 2450 860 2509; x_wconf 81' lang='lat' dir='ltr'>Deoao</span> 
     </span>
     <span class='ocr_line' id='line_1_22' title="bbox 6 2548 392 2622; baseline 0.003 -14"><span class='ocrx_word' id='word_1_126' title='bbox 6 2559 8 2622; x_wconf 50' lang='grc' dir='ltr'><strong>ᾗ</strong></span> <span class='ocrx_word' id='word_1_127' title='bbox 69 2548 146 2622; x_wconf 87' lang='lat' dir='ltr'>patri</span> <span class='ocrx_word' id='word_1_128' title='bbox 168 2548 392 2609; x_wconf 85' lang='lat' dir='ltr'>reconciliare.</span> 
     </span>
    </p>

    <p class='ocr_par' dir='ltr' id='par_1_6' title="bbox 6 2645 861 3503">
     <span class='ocr_line' id='line_1_23' title="bbox 6 2645 825 2728; baseline -0.001 -21"><span class='ocrx_word' id='word_1_129' title='bbox 6 2715 7 2728; x_wconf 11' lang='grc' dir='ltr'>χ</span> <span class='ocrx_word' id='word_1_130' title='bbox 106 2645 254 2708; x_wconf 87' lang='lat' dir='ltr'>Obsecro</span> <span class='ocrx_word' id='word_1_131' title='bbox 279 2662 426 2723; x_wconf 87' lang='lat' dir='ltr'>quoque,</span> <span class='ocrx_word' id='word_1_132' title='bbox 456 2645 597 2706; x_wconf 89' lang='lat' dir='ltr'>Domine</span> <span class='ocrx_word' id='word_1_133' title='bbox 621 2645 712 2721; x_wconf 88' lang='lat' dir='ltr'>lesu,</span> <span class='ocrx_word' id='word_1_134' title='bbox 741 2645 825 2706; x_wconf 86' lang='lat' dir='ltr'>intra</span> 
     </span>
     <span class='ocr_line' id='line_1_24' title="bbox 6 2742 824 2820; baseline 0.004 -19"><span class='ocrx_word' id='word_1_135' title='bbox 6 2773 7 2816; x_wconf 62' lang='lat'>3</span> <span class='ocrx_word' id='word_1_136' title='bbox 69 2744 222 2820; x_wconf 86' lang='lat' dir='ltr'>templum</span> <span class='ocrx_word' id='word_1_137' title='bbox 246 2743 354 2803; x_wconf 92' lang='lat' dir='ltr'>cordis</span> <span class='ocrx_word' id='word_1_138' title='bbox 373 2743 449 2819; x_wconf 91' lang='lat' dir='ltr'>mei,</span> <span class='ocrx_word' id='word_1_139' title='bbox 470 2752 502 2803; x_wconf 91' lang='lat' dir='ltr'>et</span> <span class='ocrx_word' id='word_1_140' title='bbox 523 2742 681 2820; x_wconf 91' lang='lat' dir='ltr'>quidquid</span> <span class='ocrx_word' id='word_1_141' title='bbox 699 2742 742 2803; x_wconf 95' lang='lat' dir='ltr'>ibi</span> <span class='ocrx_word' id='word_1_142' title='bbox 759 2760 824 2804; x_wconf 89' lang='lat' dir='ltr'>ma-</span> 
     </span>
     <span class='ocr_line' id='line_1_25' title="bbox 69 2840 824 2919; baseline 0.003 -19"><span class='ocrx_word' id='word_1_143' title='bbox 69 2843 214 2903; x_wconf 84' lang='lat' dir='ltr'>culosum</span> <span class='ocrx_word' id='word_1_144' title='bbox 245 2840 454 2919; x_wconf 83' lang='lat' dir='ltr'>perspexeris</span> <span class='ocrx_word' id='word_1_145' title='bbox 485 2849 517 2900; x_wconf 87' lang='lat' dir='ltr'>et</span> <span class='ocrx_word' id='word_1_146' title='bbox 547 2841 739 2917; x_wconf 84' lang='lat' dir='ltr'>profanum,</span> <span class='ocrx_word' id='word_1_147' title='bbox 771 2859 824 2902; x_wconf 87' lang='lat' dir='ltr'>ex-</span> 
     </span>
     <span class='ocr_line' id='line_1_26' title="bbox 69 2939 861 3017; baseline 0.001 -19"><span class='ocrx_word' id='word_1_148' title='bbox 69 2954 165 3017; x_wconf 86' lang='lat' dir='ltr'>purga</span> <span class='ocrx_word' id='word_1_149' title='bbox 194 2948 226 3000; x_wconf 94' lang='lat' dir='ltr'>et</span> <span class='ocrx_word' id='word_1_150' title='bbox 248 2939 382 3000; x_wconf 93' lang='lat' dir='ltr'>elimina</span> <span class='ocrx_word' id='word_1_151' title='bbox 403 2939 516 3015; x_wconf 91' lang='lat' dir='ltr'>procul</span> <span class='ocrx_word' id='word_1_152' title='bbox 537 2956 556 2998; x_wconf 92' lang='lat' dir='ltr'>a</span> <span class='ocrx_word' id='word_1_153' title='bbox 577 2947 640 3000; x_wconf 93' lang='lat' dir='ltr'>me.</span> <span class='ocrx_word' id='word_1_154' title='bbox 683 2939 761 3000; x_wconf 88' lang='lat' dir='ltr'>Eice</span> <span class='ocrx_word' id='word_1_155' title='bbox 784 2940 861 3000; x_wconf 79' lang='lat' dir='ltr'>deas</span> 
     </span>
     <span class='ocr_line' id='line_1_27' title="bbox 69 3035 825 3098; baseline 0.005 -4"><span class='ocrx_word' id='word_1_156' title='bbox 69 3037 273 3098; x_wconf 84' lang='lat' dir='ltr'>tabernaculo</span> <span class='ocrx_word' id='word_1_157' title='bbox 292 3046 348 3097; x_wconf 93' lang='lat' dir='ltr'>tuo</span> <span class='ocrx_word' id='word_1_158' title='bbox 364 3035 471 3096; x_wconf 87' lang='lat' dir='ltr'>varias</span> <span class='ocrx_word' id='word_1_159' title='bbox 486 3036 608 3096; x_wconf 86' lang='lat' dir='ltr'>formas</span> <span class='ocrx_word' id='word_1_160' title='bbox 629 3054 738 3097; x_wconf 89' lang='lat' dir='ltr'>rerum</span> <span class='ocrx_word' id='word_1_161' title='bbox 755 3054 825 3098; x_wconf 86' lang='lat' dir='ltr'>sae·</span> 
     </span>
     <span class='ocr_line' id='line_1_28' title="bbox 70 3132 825 3212; baseline 0.007 -22"><span class='ocrx_word' id='word_1_162' title='bbox 70 3132 241 3208; x_wconf 89' lang='lat' dir='ltr'>cularium‚</span> <span class='ocrx_word' id='word_1_163' title='bbox 267 3133 427 3210; x_wconf 86' lang='lat' dir='ltr'>imagines</span> <span class='ocrx_word' id='word_1_164' title='bbox 449 3133 595 3195; x_wconf 92' lang='lat' dir='ltr'>locorum</span> <span class='ocrx_word' id='word_1_165' title='bbox 617 3143 649 3195; x_wconf 89' lang='lat' dir='ltr'>et</span> <span class='ocrx_word' id='word_1_166' title='bbox 671 3151 825 3212; x_wconf 88' lang='lat' dir='ltr'>persona-</span> 
     </span>
     <span class='ocr_line' id='line_1_29' title="bbox 71 3231 824 3309; baseline 0.008 -22"><span class='ocrx_word' id='word_1_167' title='bbox 71 3245 147 3290; x_wconf 90' lang='lat' dir='ltr'>rum.</span> <span class='ocrx_word' id='word_1_168' title='bbox 176 3231 294 3291; x_wconf 88' lang='lat' dir='ltr'>Everte</span> <span class='ocrx_word' id='word_1_169' title='bbox 309 3248 442 3291; x_wconf 89' lang='lat' dir='ltr'>mensas</span> <span class='ocrx_word' id='word_1_170' title='bbox 456 3233 760 3309; x_wconf 91' lang='lat' dir='ltr'>nummulariorum,</span> <span class='ocrx_word' id='word_1_171' title='bbox 782 3249 824 3293; x_wconf 98' lang='lat' dir='ltr'>ne</span> 
     </span>
     <span class='ocr_line' id='line_1_30' title="bbox 71 3327 822 3405; baseline 0.007 -22"><span class='ocrx_word' id='word_1_172' title='bbox 71 3327 182 3402; x_wconf 91' lang='lat' dir='ltr'>cupido</span> <span class='ocrx_word' id='word_1_173' title='bbox 204 3327 358 3388; x_wconf 88' lang='lat' dir='ltr'>avaritiae</span> <span class='ocrx_word' id='word_1_174' title='bbox 380 3327 501 3388; x_wconf 89' lang='lat' dir='ltr'>illiciat.</span> <span class='ocrx_word' id='word_1_175' title='bbox 532 3327 638 3390; x_wconf 74' lang='lat' dir='ltr'>Aufer</span> <span class='ocrx_word' id='word_1_176' title='bbox 652 3329 822 3405; x_wconf 87' lang='lat' dir='ltr'>strepitum</span> 
     </span>
     <span class='ocr_line' id='line_1_31' title="bbox 71 3420 860 3503; baseline 0.01 -23"><span class='ocrx_word' id='word_1_177' title='bbox 71 3420 284 3485; x_wconf 86' lang='lat' dir='ltr'>iumentorum</span> <span class='ocrx_word' id='word_1_178' title='bbox 316 3434 348 3485; x_wconf 93' lang='lat' dir='ltr'>et</span> <span class='ocrx_word' id='word_1_179' title='bbox 379 3426 622 3503; x_wconf 85' lang='lat' dir='ltr'>columbarum,</span> <span class='ocrx_word' id='word_1_180' title='bbox 658 3444 700 3486; x_wconf 86' lang='lat' dir='ltr'>ne</span> <span class='ocrx_word' id='word_1_181' title='bbox 731 3426 860 3502; x_wconf 79' lang='lat' dir='ltr'>copiaao</span> 
     </span>
    </p>
   </div>
   <div class='ocr_carea' id='block_1_3' title="bbox 71 3522 824 3670">
    <p class='ocr_par' dir='ltr' id='par_1_7' title="bbox 71 3522 824 3670">
     <span class='ocr_line' id='line_1_32' title="bbox 71 3522 824 3598; baseline 0.007 -21"><span class='ocrx_word' id='word_1_182' title='bbox 71 3535 173 3581; x_wconf 91' lang='lat' dir='ltr'>rerum</span> <span class='ocrx_word' id='word_1_183' title='bbox 206 3522 434 3598; x_wconf 85' lang='lat' dir='ltr'>temporalium</span> <span class='ocrx_word' id='word_1_184' title='bbox 466 3540 518 3584; x_wconf 92' lang='lat' dir='ltr'>me</span> <span class='ocrx_word' id='word_1_185' title='bbox 552 3541 571 3583; x_wconf 86' lang='lat' dir='ltr'>a</span> <span class='ocrx_word' id='word_1_186' title='bbox 601 3523 733 3584; x_wconf 89' lang='lat' dir='ltr'>caelesti</span> <span class='ocrx_word' id='word_1_187' title='bbox 770 3523 824 3582; x_wconf 91' lang='lat' dir='ltr'>de·</span> 
     </span>
     <span class='ocr_line' id='line_1_33' title="bbox 432 3628 458 3670; baseline 0 0"><span class='ocrx_word' id='word_1_188' title='bbox 432 3628 458 3670; x_wconf 77' lang='lat'>47</span> 
     </span>
    </p>
   </div>
   <div class='ocr_carea' id='block_1_4' title="bbox 0 0 1064 4180">
    <p class='ocr_par' dir='ltr' id='par_1_8' title="bbox 0 0 1064 4180">
     <span class='ocr_line' id='line_1_34' title="bbox 0 0 1064 4180; baseline 0 0"><span class='ocrx_word' id='word_1_189' title='bbox 0 0 1064 4180; x_wconf 95' lang='lat' dir='ltr'> </span> 
     </span>
    </p>
   </div>
  </div>
 </body>
</html>
