2142 4172
257 441 320 517 Ἢ)
336 440 535 535 {als}
552 489 582 542 11,
595 491 613 543 r,
626 431 982 546 law
1048 447 1049 456 Ἢ

224 622 339 682 dalena
369 633 401 683 et
431 622 513 683 aliae
544 632 675 684 sanctae
706 623 863 685 mulieres
890 625 989 685 lacri-

225 719 306 779 mari
338 737 403 781 non
438 731 670 798 cessaverunt,
700 724 803 784 donec
835 733 988 784 amorte
1048 719 1049 726 '

228 827 455 894 resurgentem
478 830 509 880 te
524 820 675 881 viderent
689 830 722 882 et
737 831 867 882 sanctos
881 821 988 899 pedes

227 923 302 975 tuos
324 915 497 977 adorantes
520 918 708 978 retinerent.
1048 921 1049 930 ’

202 1034 216 1074 5
274 1013 323 1072 Da
350 1013 447 1090 mihi,
476 1014 528 1091 pie
551 1015 643 1091 Iesu,
672 1017 752 1076 haec
781 1017 923 1093 cogitare
953 1027 987 1078 et

230 1127 304 1170 cum
327 1120 437 1171 sancta
459 1128 495 1171 ac
517 1112 728 1174 devotissima
753 1114 906 1175 amatrice
929 1124 987 1175 tua

228 1208 333 1268 Maria
363 1209 556 1286 Magdalena
590 1218 623 1270 et
658 1210 777 1271 ceteris
812 1210 985 1287 discipulis

225 1305 291 1364 tuis
313 1305 356 1365 ita
378 1306 474 1384 flere,
505 1317 540 1368 ut
568 1309 607 1369 ad
635 1309 887 1370 resurrectionis
915 1310 984 1386 glo·

226 1403 305 1463 riam
338 1404 371 1464 in
403 1405 585 1465 novissimo
615 1405 668 1466 die
699 1407 776 1466 tuba
806 1400 983 1467 resonante
1048 1411 1049 1482 l

192 1525 215 1564 ro
226 1517 354 1560 merear
383 1503 557 1578 pervenire
588 1513 621 1564 et
656 1520 730 1564 cum
767 1503 881 1564 electis
915 1503 984 1564 tuis
1048 1517 1049 1522 ’

225 1599 377 1660 omnibus
399 1601 432 1660 in
451 1609 603 1662 aeternae
617 1601 828 1662 beatitudinis
844 1618 982 1679 regnum

225 1697 369 1762 introire.
418 1696 535 1758 Amen.
586 1697 634 1759 Sit
664 1698 745 1759 mihi
777 1699 984 1770 nobilissima

225 1805 386 1856 armatura
407 1805 470 1871 tua,
493 1796 634 1856 Domine
650 1796 724 1856 Iesu
741 1795 887 1870 Christe,
909 1812 983 1871 pro·
1048 1791 1049 1794 ’

224 1893 322 1953 tectio
345 1893 436 1952 firma
458 1893 546 1953 intus
568 1903 600 1954 et
622 1903 712 1954 extra
733 1902 845 1953 contra
870 1893 983 1952 omnia

191 2014 215 2054 is
226 1990 348 2051 inimici
371 1991 475 2051 iacula
497 2000 528 2051 et
550 1991 714 2067 quaelibet
736 1989 847 2051 mundi
863 1990 984 2050 blanda

225 2096 258 2147 et
278 2088 424 2148 adversa.
469 2087 584 2149 Arnen.

391 2270 662 2348 [cnrrrvavn
687 2270 817 2347 xvim]

264 2410 310 2471 De
330 2413 534 2488 apparitione
557 2412 673 2473 Christi
694 2427 800 2472 coram
821 2415 942 2486 septem

342 2508 508 2585 discipulis
531 2509 565 2569 in
587 2509 669 2569 mari
694 2507 866 2569 Tiberiadis

189 2619 216 2659 20
496 2606 707 2681 piscantibus.

226 2717 472 2937 &medico
495 2784 527 2835 et
542 2775 660 2852 gratias
675 2792 733 2852 ago
749 2772 817 2849 tibi,
840 2773 983 2834 Domine

360 2872 435 2932 Iesu
463 2873 615 2949 Christe,
646 2873 875 2933 universorum
906 2888 982 2931 con-

227 2968 311 3029 ditor
333 2980 364 3030 et
385 2971 583 3046 gubernator
608 2970 797 3030 caelestium
827 2979 859 3029 et
881 2977 981 3030 terre·

227 3066 353 3141 strium‚
375 3067 563 3143 angelorum
587 3077 618 3127 et
640 3067 820 3143 hominum,
851 3084 981 3144 magno·

190 3182 299 3229 25rum
322 3174 354 3223 et
376 3181 559 3240 parvorum,
582 3165 717 3225 divitum
741 3174 773 3224 et
791 3180 980 3241 pauperum,

227 3261 259 3320 in
282 3272 368 3320 terra
396 3261 577 3321 viventium
606 3271 639 3321 et
667 3261 700 3321 in
729 3261 810 3321 mari
835 3262 979 3322 laborari·
1048 3273 1049 3278 ’

225 3357 306 3418 tium
328 3375 386 3434 pro
409 3367 463 3418 tua
484 3358 657 3420 manifesta
685 3359 885 3436 apparitione
907 3369 978 3436 post

227 3456 401 3532 gloriosam
437 3456 712 3516 resurrectionem
748 3465 835 3516 tuam
872 3473 978 3516 coram

229 3560 355 3628 septem
378 3551 547 3627 discipulis
569 3553 634 3612 tuis
656 3553 690 3612 in
705 3553 785 3613 mari
801 3552 980 3614 Tiberiadis
1048 3579 1049 3608 1

579 3655 621 3698 sta
