2152 4174
262 399 1016 508 Quam&

256 604 349 648 sores
370 586 569 662 nobilitavit,
590 586 734 664 virgines
756 587 923 648 decoravit
946 604 1020 647 om·

256 701 382 762 nesque
402 693 533 745 sanctos
549 683 683 747 Christo
699 685 886 746 conformes
901 683 1020 744 effecit

256 800 294 843 ac
315 783 431 860 dignos
452 791 585 844 aeterna
606 781 672 842 vita
693 781 841 843 reddidit.

298 880 420 940 Precor
433 889 476 956 te,
496 879 753 942 clementissime
769 879 910 940 Domine
928 881 1018 956 Iesu,

234 977 312 1054 squi
334 994 392 1054 pro
415 976 557 1038 inimicis
578 977 644 1038 tuis
666 995 706 1038 ex
728 977 870 1038 caritatis
892 977 1018 1038 affectu

257 1075 407 1151 dignatus
436 1091 473 1134 es
501 1093 652 1151 exorare,
683 1085 718 1136 ut
749 1075 847 1136 simili
879 1076 1018 1136 caritate

257 1173 405 1233 fervente
436 1190 494 1249 pro
523 1191 576 1234 me
607 1174 704 1233 etiam
737 1175 866 1234 Patrem
898 1191 1018 1252 rogare

258 1270 420 1348 digneris,
458 1280 620 1349 quatenus
655 1271 735 1332 mihi
772 1272 868 1347 plene
903 1271 1019 1332 omnia

257 1378 390 1444 peccata
410 1387 484 1430 mea
504 1369 670 1445 indulgeat
691 1377 723 1429 et
745 1386 763 1428 a
784 1368 910 1445 poenis,
933 1386 1018 1446 quas

223 1484 315 1543 ropro
338 1467 390 1528 his
412 1466 535 1542 merui,
559 1467 739 1527 clementer
766 1467 921 1526 absolvat.
966 1467 1018 1527 Da

257 1566 375 1625 bonam
398 1574 429 1627 et
452 1565 577 1626 firmam
600 1563 751 1624 fiduciam
769 1565 809 1624 de
825 1574 879 1624 tua
893 1564 1017 1640 pietate

259 1662 432 1738 concipere
458 1678 519 1722 nec
542 1662 575 1721 in
598 1660 858 1737 desperationem
881 1671 1018 1740 propter

259 1760 514 1837 magnitudinem
545 1769 753 1837 peccatorum
784 1777 932 1822 meorum
967 1760 1017 1820 in-

259 1859 378 1935 cidere,
402 1859 460 1919 sed
483 1858 569 1918 fideli
592 1867 702 1919 mente
723 1857 913 1935 recogitare,
938 1857 1016 1935 quia

225 1978 250 2019 ιε
260 1974 317 2033 pro
328 1956 554 2034 peccatoribus
567 1956 732 2017 salvandis
741 1955 861 2017 venisti
877 1955 910 2016 in
926 1957 1014 2015 hunc

259 2053 416 2113 mundum
446 2063 542 2130 atque
570 2071 628 2130 pro
653 2052 763 2130 impiis
784 2052 916 2114 voluisti
938 2052 1015 2131 pati,

260 2150 404 2228 cruciligi
434 2159 466 2211 et
494 2151 588 2210 mori.
631 2150 783 2211 Proliciat
812 2168 888 2228 ergo
917 2152 1013 2212 saluti

259 2249 386 2309 animae
408 2265 501 2310 meae
516 2249 625 2308 votiva
639 2259 694 2309 tua
708 2249 851 2327 precatio
866 2249 900 2309 in
916 2266 1012 2308 cruce

259 2364 317 2422 pro
353 2345 496 2406 inimicis
531 2346 653 2422 effusa3
688 2355 720 2408 et
752 2363 901 2428 magnam
932 2346 1012 2406 milri

223 2460 351 2519 aespem
374 2443 490 2503 veniae
511 2461 571 2519 per
592 2460 663 2504 eam
687 2444 847 2520 concede,
871 2452 906 2503 ut
927 2443 1012 2520 quod

259 2540 385 2601 meritis
416 2541 500 2600 meis
531 2540 662 2617 assequi
694 2541 881 2600 nullatenus
909 2538 1013 2614 valeo,

260 2641 322 2699 hoc
353 2649 407 2698 tua
438 2638 645 2698 sanctissima
675 2637 913 2699 intercessione
944 2636 1013 2696 elli·

260 2731 389 2796 caciter’
407 2753 535 2796 merear
563 2736 720 2797 obtinere.
771 2738 820 2796 Da
850 2736 950 2796 libere
981 2745 1013 2796 et

260 2850 376 2893 secure
398 2834 459 2893 sub
481 2836 628 2895 umbram
650 2835 773 2894 alarum
795 2843 922 2894 tuarum
938 2851 1012 2895 con-

223 2931 374 3007 25lugere
404 2940 501 3008 atque
532 2941 663 2993 sanctae
694 2931 802 2991 crucis
833 2931 1011 2992 invincibili

261 3029 428 3106 signaculo
450 3031 490 3090 ab
512 3030 600 3090 omni
622 3029 740 3089 timore
765 3027 869 3089 hostis
891 3027 1011 3106 antiqui

261 3146 314 3189 me
336 3129 472 3189 custodi.
515 3129 678 3205 Expande‚
700 3144 832 3206 quaeso,
856 3127 1011 3188 latissime

261 3244 369 3287 ramos
390 3225 616 3287 bracchiorum
639 3234 768 3285 tuorum
785 3241 884 3300 super
906 3241 956 3284 me
973 3225 1011 3284 ad

262 3326 499 3385 convolandum
522 3324 583 3383 sub
606 3340 736 3384 crucem
759 3331 864 3397 tuam,
893 3331 927 3382 ut
948 3339 1010 3381 non

224 3440 252 3481 so
261 3431 383 3482 metuat
398 3438 460 3482 nec
473 3420 624 3498 desperet
634 3421 730 3497 inops
741 3431 773 3481 et
783 3421 898 3482 dolens
908 3420 1011 3480 animo

262 3537 350 3591 mea,
381 3536 586 3597 quacumque
615 3521 696 3579 hora
725 3519 823 3579 luerit
851 3535 870 3578 e
894 3519 1010 3578 mundo

624 3625 661 3665 rao
