2142 4172
255 708 526 786 [cnrrrvnvn
551 709 664 786 nvn]

87 859 133 918 De
146 864 311 924 armatura
327 858 454 930 Christi,
477 876 577 930 cruce,
599 859 709 929 clavis,
726 858 839 920 lancea

306 970 339 1025 et
358 982 476 1026 corona
497 966 619 1042 spinea.

89 1075 332 1296 &medico
355 1142 387 1193 et
401 1133 520 1211 gratias
535 1151 594 1212 ago
609 1133 677 1210 tibi,
700 1133 841 1193 Domine

216 1231 291 1291 Iesu
308 1230 452 1308 Christe,
474 1249 532 1292 rex
552 1233 698 1294 omnium
719 1249 865 1309 regum,s

88 1345 145 1405 pro
160 1328 412 1405 triumphalibus
427 1339 459 1391 et
474 1331 637 1407 regalibus
652 1330 752 1390 armis
766 1330 842 1404 tuiS,

88 1425 212 1486 scilicet
234 1442 342 1501 cruce,
364 1427 476 1503 clavis,
497 1428 620 1502 lancea,
642 1445 762 1488 corona
778 1428 842 1504 spi·

88 1539 159 1598 nea,
173 1522 273 1599 virga,
289 1532 386 1600 reste,
401 1524 562 1599 columna,
577 1525 723 1601 adquam
734 1526 842 1586 nudus

89 1619 178 1680 luisti
201 1619 317 1697 ligatus
339 1632 372 1682 et
393 1621 569 1682 durissime
591 1622 787 1699 flagellatus,
811 1633 843 1683 et

88 1735 146 1795 pro
162 1717 280 1779 ceteris
296 1719 448 1779 omnibus
463 1736 575 1780 sacrae
590 1720 753 1796 passionis
768 1730 842 1780 tuae
854 1737 878 1778 ro

88 1815 233 1875 articulis
262 1825 294 1876 et
322 1817 494 1877 tormentis
519 1834 578 1893 pro
606 1817 702 1878 nobis
723 1818 842 1879 vilibus

87 1914 314 1990 peccatoribus
346 1915 385 1975 ad
417 1915 645 1975 debellandum
679 1915 841 1976 diabolum

87 2021 121 2071 et
142 2021 303 2071 amatores
325 2011 437 2072 mundi
460 2029 534 2074 cum
550 2012 702 2071 omnibus
714 2013 843 2089 pompis

88 2117 121 2167 et
136 2107 268 2168 malitiis
283 2109 364 2184 suis,
378 2110 418 2170 ad
433 2109 570 2169 dandam
585 2110 842 2170 misericordiam

88 2213 121 2264 et
143 2205 372 2265 remissionem
401 2216 607 2282 peccatorum
637 2207 788 2267 omnibus
810 2207 843 2266 in
856 2225 880 2266 15

87 2312 120 2362 te
143 2303 351 2364 credentibus
373 2314 405 2364 et
426 2322 504 2364 vere
528 2303 783 2380 paenitentibus,
805 2306 844 2364 ad

87 2401 353 2477 consequendam
382 2416 474 2476 spem
497 2410 648 2460 aeternae
674 2401 788 2461 salutis
811 2409 843 2460 et

85 2498 222 2574 gloriam
240 2497 391 2559 caelestis
406 2497 615 2558 beatitudinis
631 2516 705 2558 cum
722 2498 844 2559 sanctis

85 2596 213 2672 angelis
243 2596 309 2657 tuis
339 2595 373 2655 in
405 2596 505 2656 caelis
534 2606 606 2673 post
638 2596 778 2656 futuram
812 2606 844 2656 et

83 2694 273 2770 generalem
310 2694 583 2754 resurrectionem
616 2694 881 2754 defunctorumao

84 2791 270 2850 secundum
302 2791 418 2851 merita
446 2790 648 2867 singulorum
684 2792 843 2851 bonorum

83 2897 118 2948 et
134 2889 304 2949 malorum.
328 2887 419 2948 Tunc
435 2888 522 2949 enim
538 2888 738 2965 apparebunt
753 2887 845 2965 signa

83 2986 189 3045 multa
204 2985 236 3046 in
253 2987 343 3046 caelo
358 2996 391 3046 et
405 2986 438 3046 in
449 2996 535 3047 terra
550 2996 582 3047 et
596 3002 708 3046 sacrae
721 2985 844 3061 passio-

82 3083 139 3143 nis
169 3093 243 3143 tuae
265 3084 401 3144 vulnera
429 3100 502 3143 cum
528 3083 647 3144 vexillo
676 3083 783 3142 crucis
812 3091 844 3142 et

81 3181 161 3241 aliis
182 3198 346 3241 armorum
363 3190 492 3242 tuorum
514 3181 616 3259 gestis
631 3182 670 3242 ad
689 3181 881 3242 laetitiamzs

81 3287 117 3339 et
148 3277 299 3339 fiduciam
329 3279 525 3353 electorum,
556 3278 595 3338 ad
624 3286 782 3338 terrorem
812 3287 844 3337 et

81 3376 250 3437 tristitiam
273 3377 508 3438 damnatorum.
539 3374 565 3435 T
568 3393 630 3436 unc
655 3375 844 3436 exultabunt

81 3491 203 3535 omnes
218 3475 325 3551 electi,
346 3473 499 3547 humiles,
517 3473 720 3548 innocentes,
735 3473 842 3533 devoti

80 3581 116 3633 et
133 3573 225 3648 casti,
247 3572 425 3650 simplices,
442 3569 664 3646 oboedientes,
681 3568 842 3629 mansueti

126 3679 220 3718 tbomac
234 3689 248 3718 a
263 3679 291 3718 K.
306 3676 366 3719 Med.
446 3676 488 3716 ³⁰5
709 3672 736 3714 20
