2144 4168
531 463 695 522 Epilegonena.

240 617 351 677 multis
379 617 571 678 vulneribus
600 629 632 678 et
660 618 829 679 doloribus
859 617 1000 677 Domini

240 699 304 758 mei
329 699 403 758 Iesu
427 698 552 760 Christi
582 717 640 775 pro
670 716 722 759 me
748 697 914 759 crucifixi“
944 697 1002 757 sui
1037 727 1041 794 l

241 778 314 918 libdri
336 788 575 919 targumentum
611 779 645 840 in
685 779 794 840 animo
837 778 1003 838 habuisse

241 876 271 918 vr
297 876 335 918 ea
350 877 398 921 ur.

330 1062 369 1122 11.
402 1062 459 1121 DE
488 1061 645 1123 OPERIS
678 1061 904 1123 PARTIBVS.

303 1237 394 1314 Quas
417 1257 482 1299 uno
504 1238 566 1298 hoc
589 1238 756 1299 volumine
779 1239 1002 1314 comprehen-

242 1335 295 1377 sas
317 1319 418 1378 habes
441 1319 616 1380 Orationes
645 1328 677 1380 et
699 1319 934 1379 Meditationes
957 1319 1002 1377 de

242 1399 307 1458 vita
318 1398 455 1474 Christi,
470 1402 552 1459 duos
563 1400 714 1476 primitus
726 1400 829 1459 luisse
839 1407 1002 1459 tractatus

242 1497 316 1538 cum
348 1480 516 1540 codicibus
544 1496 568 1534 a
594 1483 614 1534 b
644 1497 661 1535 o
690 1479 1002 1557 antiquissimisque

242 1559 440 1620 editionibus
459 1563 554 1615 d-oa
571 1561 712 1637 priorem
735 1570 858 1621 tantum
881 1568 1002 1620 tracta-

230 1650 310 1720 tum
334 1640 577 1702 continentibus
599 1641 826 1715 confirmatur,
856 1650 925 1700 tum
950 1640 1002 1698 in-

243 1721 341 1796 dicis,
373 1721 466 1781 cuius
495 1723 595 1782 verba
625 1722 710 1781 inira
740 1739 875 1798 ponam,
904 1721 1002 1780 testi·

243 1801 353 1861 monio
373 1812 516 1879 constat3
538 1803 596 1862 sed
612 1802 745 1862 eosdem
769 1802 831 1862 iam
855 1811 1001 1861 exeunte

243 1883 374 1942 saeculo
398 1882 456 1943 XV
480 1884 513 1942 in
543 1900 643 1942 unum
675 1882 868 1942 coniunctos
891 1880 1000 1941 luisse

242 1979 308 2022 non
342 1963 448 2023 solum
480 1963 679 2023 editionibus
708 1963 758 2018 *a
794 1962 837 2016 *ο
874 1961 921 2030 *ρ
957 1979 999 2021 ex

243 2060 340 2103 manu
363 2043 494 2120 scriptis
516 2044 618 2104 erutis
640 2042 819 2104 verisimile
842 2052 908 2118 est,
938 2042 998 2101 sed

243 2123 339 2183 etiam
362 2124 628 2184 translationibus
649 2124 692 2192 *q
711 2133 743 2183 et
764 2123 810 2176 *r
831 2133 863 2183 et
887 2121 999 2195 „Anti-

243 2203 366 2264 dotario
389 2204 534 2265 animae“
554 2205 625 2281 (1⁰¹),
647 2204 680 2263 in
703 2221 767 2280 quo
789 2213 892 2263 totum
916 2203 998 2264 Ora-

242 2284 367 2344 tionum
384 2295 416 2345 et
431 2285 681 2345 Meditationum
702 2301 785 2361 opus
806 2293 997 2360 excerptum

243 2365 377 2440 legitur,
402 2376 526 2425 certum
550 2375 609 2425 est.
652 2366 694 2425 Vt
715 2364 859 2424 breviter
881 2365 998 2438 dicam,

244 2445 322 2522 quid
342 2445 491 2522 sentiam,
513 2447 629 2505 horum
646 2446 784 2504 duorum
803 2454 997 2505 tractatuum

244 2525 358 2585 eadem
381 2526 462 2586 ratio
491 2535 558 2601 est,
587 2543 670 2602 quae
693 2535 831 2602 quatuor
854 2525 904 2585 De
928 2525 998 2584 imi-

244 2606 365 2667 tatione
382 2606 507 2669 Christi
530 2606 705 2683 librorum3
728 2605 873 2682 quicum
892 2605 998 2682 primo

245 2687 363 2762 singuli
394 2705 490 2746 suum
520 2704 578 2762 per
606 2704 642 2746 se
671 2686 763 2763 quasi
787 2686 899 2745 orbem
923 2703 999 2745 con·

246 2766 398 2844 licerent,
427 2767 581 2843 paulatim
611 2767 643 2826 in
673 2783 774 2826 unum
804 2783 924 2842 corpus
947 2771 999 2826 co-

245 2847 390 2907 alescere
413 2856 601 2924 coeperunt,
623 2847 717 2906 cuius
739 2845 786 2906 rei
803 2846 905 2906 codex
921 2847 997 2906 olim

247 2927 543 3002 Indersdorlensis,
571 2944 658 2987 nunc
682 2926 893 2986 Monacensis
923 2927 997 2988 Clm

245 3011 334 3082 7842,
357 3025 441 3068 anno
463 3012 537 3069 1437
553 3024 572 3066 e
588 3008 684 3083 paulo
707 3007 890 3083 antiquiore
913 3007 997 3067 eius·

246 3088 319 3147 dem
351 3088 568 3149 bibliothecae
600 3087 674 3148 Clm
704 3090 784 3147 7830
814 3087 997 3163 descriptus

247 3168 510 3245 antiquissimum
540 3167 645 3228 adhuc
670 3168 894 3228 testimonium
919 3169 995 3227 mihi

248 3248 397 3309 innotuit.

613 3399 639 3452 3

604 3635 644 3676 384
