2142 4172
244 680 297 722 me
318 671 421 723 totum
450 662 571 722 bonurn
600 672 706 738 tuum,
734 679 848 723 verum
871 662 1005 722 animae

244 758 412 833 solacium,
434 775 531 818 omne
552 758 730 819 iucundum
753 776 789 818 ac
811 759 1007 820 intermina-

243 855 308 915 bile
329 855 492 933 gaudium.
523 856 680 933 Quidvis
701 856 868 933 amplius?
897 857 1005 934 Nihil,

244 953 402 1030 Domine3
430 962 462 1014 te
488 954 595 1014 solum
618 955 709 1030 volo,
737 963 769 1015 te
798 972 939 1032 quaero,
969 965 1004 1016 te

220 1051 408 1127 sdesidero,
429 1061 461 1112 te
482 1051 597 1113 intime
619 1069 709 1129 amo,
736 1061 768 1113 te
790 1052 824 1112 in
846 1054 1003 1114 omnibus

244 1159 276 1209 et
297 1167 396 1226 super
413 1149 532 1226 omnia,
554 1167 685 1227 semper
706 1159 738 1211 et
759 1150 881 1228 ubique
902 1151 1003 1212 laudo

243 1257 275 1308 et
302 1247 471 1308 benedico.
513 1247 561 1308 Tu
586 1248 738 1309 omnibus
764 1249 943 1310 dominaris
965 1248 1001 1309 in

243 1347 333 1406 caelo
356 1354 388 1406 et
409 1345 442 1405 in
464 1355 560 1420 terra,
581 1346 615 1405 in
637 1346 717 1407 mari
740 1355 772 1406 et
790 1346 823 1406 in
845 1346 1002 1407 omnibus

242 1443 388 1521 abyssis,
409 1442 442 1503 in
465 1443 630 1504 montibus
652 1453 684 1504 et
706 1443 816 1520 silvis,
837 1454 870 1505 et
890 1444 1001 1504 omnis

209 1551 391 1604 mercatura
411 1559 510 1617 parva
531 1552 563 1602 et
584 1559 700 1619 magna
720 1542 777 1602 tibi
797 1551 874 1603 nota
895 1552 946 1602 est
968 1551 1002 1602 et

242 1640 424 1717 perspicua.
454 1638 574 1699 Omnia
594 1639 628 1699 in
647 1639 806 1717 sapientia
827 1639 945 1715 iecisti,
967 1649 1002 1699 et

242 1737 445 1815 providentia
466 1747 521 1797 tua
542 1738 651 1798 omnia
671 1739 901 1816 gubernantur.

284 1835 396 1912 Opax
419 1835 498 1910 Dei,
526 1853 545 1895 ο
567 1836 652 1896 clara
679 1836 819 1913 cognitio
842 1837 1000 1898 creatoris

243 1934 318 2009 mei,
338 1951 421 2010 quae
436 1944 591 2010 exuperat
606 1951 736 1995 omnem
752 1951 886 1994 sensum
903 1944 936 1995 et
950 1935 999 1995 in·

210 2052 234 2094 rs
242 2031 407 2091 tellectum
424 2032 602 2091 humanum
618 2041 650 2091 et
660 2031 853 2108 angelicum,
868 2033 999 2109 quando

243 2129 357 2189 venies
379 2130 418 2189 ad
440 2129 520 2189 me?
562 2129 591 2190 O
614 2129 743 2206 quando
772 2131 923 2208 implebis
944 2148 998 2192 me
1063 2161 1064 2175 κ

244 2227 323 2288 ioris
339 2236 371 2287 et
380 2228 479 2304 intus,
494 2227 620 2289 utnihil
632 2227 816 2290 desiderem
831 2229 998 2306 amplius?
1062 2243 1063 2273 l

244 2326 385 2386 Domine
401 2327 502 2402 Deus,
524 2328 778 2404 inquietum-est
800 2344 998 2402 cormeum,
1061 2339 1062 2373 l

243 2423 347 2483 donec
363 2424 510 2500 quiescat
530 2424 563 2484 in
585 2434 626 2486 te.
657 2426 818 2501 lmpacata
831 2433 881 2485 est
903 2440 997 2484 mens
1060 2453 1061 2471 κ

206 2537 333 2596 aomea,
355 2521 459 2580 donec
480 2518 625 2594 perfecte
647 2519 778 2578 uniatur
798 2518 855 2578 tibi
877 2518 910 2578 in
933 2518 997 2578 vita

243 2628 384 2679 aeterna.
426 2616 455 2677 O
478 2634 549 2692 pax,
570 2633 666 2693 quam
687 2617 782 2677 dulce
804 2626 837 2677 et
857 2615 995 2692 optabile

243 2725 293 2776 est
307 2732 427 2775 nomen
442 2724 533 2775 tuum
549 2715 582 2775 in
598 2714 752 2776 universa
769 2725 864 2775 terra.
889 2713 994 2792 Quam

243 2813 326 2872 laeta
348 2821 379 2872 et
400 2812 600 2873 delectabilis
629 2820 679 2873 est
700 2829 763 2872 vox
791 2821 845 2873 tua
870 2811 904 2871 in
926 2827 995 2871 eae-

242 2909 316 2970 lesti
338 2911 449 2985 patria.
479 2909 508 2970 0
530 2927 617 2986 vera,
639 2926 777 2986 summa,
799 2909 994 2987 sempiterna

207 3023 304 3083 aspar
332 3024 405 3067 curn
436 3008 524 3082 Deo,
554 3024 628 3068 cunr
660 3007 785 3085 angelis
816 3008 936 3068 sanctis
963 3016 994 3067 et

243 3121 317 3164 curn
333 3105 484 3165 omnibus
497 3105 685 3166 hominibus
697 3106 801 3166 bonae
812 3106 992 3167 voluntatis.

284 3202 334 3261 Da
354 3219 478 3278 pacem,
500 3203 658 3278 Domine,
682 3203 715 3263 in
738 3204 835 3264 corde
857 3220 939 3278 meo,
959 3212 993 3263 ut

243 3309 275 3360 te
297 3316 425 3361 summe
440 3301 581 3379 diligam,
603 3302 643 3362 da
656 3318 770 3378 pacem
786 3301 819 3361 in
835 3317 892 3361 ore
913 3317 991 3375 meo,

243 3407 278 3459 ut
299 3407 331 3458 te
353 3398 469 3460 devote
491 3399 631 3475 laudern,
653 3399 692 3459 da
708 3415 821 3475 pacem
844 3399 877 3458 in
899 3415 990 3458 manu
1050 3445 1051 3463 r

207 3512 332 3570 semea,
360 3505 395 3556 ut
416 3496 525 3556 omnia
545 3497 631 3557 bona
658 3512 757 3572 opera
777 3496 817 3556 ad
838 3496 988 3556 honorem
1049 3525 1050 3559 r

243 3602 334 3652 tuum
366 3608 497 3667 semper
527 3591 652 3653 faciam.
702 3591 763 3651 Die
795 3590 892 3666 mihi,
922 3609 988 3652 cum
1048 3609 1049 3661 l

602 3697 644 3738 29,
1047 3693 1048 3716 r
