2194 4180
124 399 864 516 &ronow

117 593 248 656 facienti
284 603 317 654 et
344 593 377 655 in
407 593 471 654 line
500 593 678 653 iucundum
710 590 872 652 morienti.

117 694 210 754 Beati
239 710 333 770 ergo,
362 692 417 770 qui
442 709 529 753 nunc
558 707 657 768 saepe
686 688 872 765 compuncti

116 793 244 868 lugent,
273 790 426 868 quoniam
455 789 489 851 in
519 789 628 850 lutura
652 804 726 847 cum
749 787 873 864 angelis

116 899 274 966 perpetuo
297 888 454 949 consolati
476 887 672 965 gaudebunt.

325 1080 596 1159 [CAPlTVLVM
620 1079 671 1156 X.]

196 1213 243 1273 De
264 1214 406 1274 lacrimis
427 1214 498 1274 lesa
518 1228 616 1289 saper
634 1212 800 1271 Latonam.

172 1366 200 1445 ῥ’
260 1365 333 1442 piae
354 1375 386 1426 et
410 1374 542 1426 sanctae
566 1363 719 1425 lacrimae
742 1361 873 1423 Domini

129 1498 141 1517 t
259 1462 325 1523 mei
358 1463 432 1523 Iesu
462 1461 587 1525 Christi
632 1461 665 1522 in
704 1469 807 1521 morte
843 1469 875 1520 et

119 1559 331 1621 suscitatione
354 1560 465 1620 Lazari
488 1577 528 1620 ex
550 1558 777 1635 compassione
800 1574 874 1618 cum

120 1657 226 1718 Maria
253 1666 286 1718 et
307 1657 437 1718 Martha
465 1666 498 1717 et
526 1656 598 1717 aliis
620 1674 734 1717 eorum
760 1655 875 1716 amicis
886 1676 912 1718 ro

120 1763 152 1815 et
180 1753 334 1814 flentibus
357 1753 485 1814 Iudaeis
513 1770 663 1813 amorose
692 1762 724 1813 et
745 1753 876 1829 largiter

120 1851 256 1926 effusae,
272 1851 445 1912 subvenite
460 1849 540 1910 mihi
557 1849 590 1911 in
605 1849 752 1911 ariditate
768 1849 876 1910 cordis

120 1948 202 2024 mei,
230 1957 434 2008 commovete
463 1947 615 2008 duritiam
644 1948 786 2023 pectoris
810 1946 875 2006 mei

118 2045 294 2123 praecipue
316 2043 349 2104 in
365 2043 436 2103 loco
459 2052 491 2103 et
506 2042 539 2103 in
554 2052 702 2119 tempore
720 2041 877 2102 orationis

120 2154 152 2205 et
173 2139 393 2204 meditationis
422 2140 462 2200 ad
483 2139 717 2200 lacrimandum
745 2147 878 2216 peccata
889 2157 913 2198 15

120 2259 194 2302 mea
223 2250 256 2300 et
286 2239 326 2299 ad
356 2239 558 2315 purgandum
590 2237 700 2297 omnia
730 2236 878 2314 inquina-

120 2347 230 2399 menta
258 2334 383 2411 cordis,
412 2334 479 2395 oris
507 2344 540 2394 et
568 2333 676 2410 operis
704 2332 801 2395 tacite
824 2333 877 2395 vel

120 2443 232 2512 aperte
243 2432 429 2508 commissa,
444 2431 520 2509 quia
534 2431 701 2508 poenitent
711 2448 763 2491 me
773 2432 877 2492 valde.

121 2532 226 2593 Doleo
248 2531 336 2592 enim
363 2547 463 2607 super
488 2529 551 2606 his,
580 2528 738 2604 Domine,
766 2529 818 2590 die
840 2547 877 2589 ac

120 2638 217 2690 nocte
239 2646 334 2690 mane
356 2637 389 2689 et
409 2644 566 2705 vespere,
594 2627 746 2705 quotiens
771 2644 914 2689 recor-ao

121 2728 215 2788 datus
238 2726 330 2787 luero
359 2726 518 2785 malorum
548 2741 695 2785 meorum
725 2733 757 2785 et
780 2724 878 2785 bene·

122 2824 270 2885 liciorum
306 2833 456 2899 tuorum,
492 2840 574 2899 quae
609 2822 690 2882 mihi
726 2831 758 2882 et
789 2821 877 2882 omni

91 2943 94 2950 ’
121 2920 234 2998 generi
257 2922 399 2981 humano
428 2919 685 2980 misericorditer
712 2937 749 2979 ac
771 2919 878 2980 multi·

120 3019 250 3096 pliciter
271 3017 469 3093 impendisti.
511 3016 627 3078 Amen.

191 3195 238 3256 De
259 3193 400 3255 lacrimis
420 3193 491 3253 Iesu
512 3209 609 3269 super
626 3193 808 3254 Ierusalem.
886 3205 914 3247 25

164 3326 193 3388 O
222 3326 296 3403 piae
330 3334 362 3385 et
397 3334 527 3385 sanctae
563 3323 715 3384 lacrimae
744 3324 876 3386 Domini

123 3425 188 3486 mei
229 3425 302 3486 lesu
341 3422 466 3485 Christi
505 3438 545 3482 ex
582 3439 697 3499 magna
732 3439 877 3499 compas-

124 3522 217 3583 sione
252 3538 354 3597 super
385 3520 591 3582 eversionem
623 3529 656 3581 et
686 3520 876 3581 destructio·

479 3626 521 3669 2oe
