2152 4174
95 442 842 550 Qunam&

9 685 15 704 ‚
87 628 198 688 ventio
215 628 431 705 complicavit,
453 629 511 688 sed
531 629 641 704 potius
655 647 767 690 sacrae
782 630 846 690 vir-

87 724 172 800 ginis
195 741 312 784 manus
335 732 366 785 et
388 741 467 784 acus
488 724 629 800 Spiritus
651 727 753 787 sancti
777 737 844 788 arte

86 822 246 882 instructa
268 822 451 898 contexuit,
480 832 535 882 aut
557 823 640 883 forte
662 823 702 883 de
724 824 845 884 laboris

86 921 136 980 sui
159 921 266 997 pretio
288 922 328 981 ad
350 938 446 981 usum
470 920 526 980 filii
554 919 605 980 sui
627 920 718 997 virgo
742 929 846 982 mater

85 1019 123 1077 ab
155 1018 274 1078 incolis
304 1028 410 1078 terrae
442 1035 497 1077 eas
528 1017 561 1077 in
590 1017 729 1093 pueritia
757 1033 866 1078 com-a

85 1116 220 1191 paravit.
244 1115 449 1177 Osumnrurn
462 1115 542 1175 caeli
559 1114 720 1192 opificem,
737 1118 842 1177 Deum

84 1231 200 1274 verum
224 1223 256 1274 et
278 1214 456 1288 hominem,
477 1213 516 1272 ad
538 1222 603 1272 tarn
624 1209 769 1274 extrema
790 1215 844 1275 de-

6 1353 7 1362 ,
84 1311 237 1371 ductum!
280 1312 316 1371 In
340 1311 508 1371 nativitate
530 1328 589 1370 sua
611 1311 694 1371 viles
718 1329 844 1388 pannos

83 1410 122 1469 ad
145 1409 348 1470 induendum
369 1408 423 1469 vix
445 1408 567 1483 habuit,
588 1424 675 1468 nunc
698 1409 843 1469 moriens

82 1514 195 1566 vestes
226 1522 342 1566 omnes
373 1505 492 1566 amisit.
547 1504 638 1566 Tunc
669 1515 842 1583 angustum
855 1522 879 1562 ro

83 1620 244 1680 praesepe
273 1614 385 1664 tenera
410 1604 557 1664 membra
578 1603 717 1680 portavit
739 1604 843 1664 infan-

83 1699 165 1776 tiae,
197 1718 285 1761 nunc
316 1702 469 1762 omnibus
498 1702 629 1761 orbatus
658 1702 753 1762 bonis
777 1720 842 1762 non

82 1799 181 1858 habet
204 1799 237 1858 in
259 1809 326 1859 toto
342 1799 474 1873 mundo,
497 1815 594 1875 quern
612 1799 765 1875 condidit,
787 1799 841 1859 ubi

82 1905 180 1972 caput
195 1913 291 1956 suum
308 1896 435 1955 modice
451 1895 598 1969 reclinet,
613 1895 677 1954 nisi
689 1895 722 1955 in
735 1913 841 1956 cruce.

84 1992 177 2053 Sicut
212 1992 300 2052 enirn
331 2009 454 2068 pauper
490 2001 521 2051 et
552 2008 653 2068 egens
684 1993 774 2053 venit
809 1994 841 2053 in
854 2012 879 2053 15

84 2091 262 2166 mundum,
290 2091 337 2150 sic
367 2091 463 2150 etiam
493 2090 601 2150 nudus
627 2099 659 2150 et
681 2093 755 2151 exul
777 2092 841 2152 dis·

84 2189 203 2249 cedere
225 2189 337 2248 voluit.
381 2187 485 2247 Natus
509 2188 621 2247 stricta
642 2188 770 2248 cinctus
791 2200 841 2249 est

84 2285 196 2362 fascia,
212 2286 357 2347 moriens
372 2284 544 2362 configitur
560 2285 661 2346 clavis
677 2295 708 2346 et
719 2288 840 2347 lancea.

84 2383 359 2459 Compassionem
376 2400 453 2460 ergo
469 2383 567 2460 exigit
580 2391 687 2443 tantae
703 2384 841 2444 infelici-

82 2481 159 2542 tatis
191 2481 425 2558 considerati03
459 2480 672 2541 imitationem
705 2481 877 2558 requiritao

81 2587 192 2639 tantae
213 2579 450 2639 tolerabilitatis
474 2577 641 2639 exhibitio.
684 2579 761 2639 Esto
783 2579 840 2639 ita·

82 2694 148 2754 que
180 2677 295 2737 amodo
324 2676 514 2753 patientior,
546 2693 619 2736 curn
651 2676 759 2754 aliqua
782 2676 838 2736 tibi

81 2775 271 2834 necessaria
292 2774 494 2848 auferuntur,
519 2775 691 2835 autetiam
714 2775 840 2836 deside·

82 2880 151 2930 rata
165 2880 334 2947 negantur.
364 2871 464 2931 Disce
480 2871 618 2931 modicis
633 2872 678 2932 uti
702 2883 734 2933 et
748 2873 840 2933 vilio·

81 2970 174 3029 ribus
190 2970 381 3045 contentari,
404 2978 436 3029 et
451 2969 517 3030 eris
532 2970 647 3030 libera
662 2983 876 3044 murmurare

81 3067 221 3126 multum
237 3068 432 3143 tranquillus
447 3067 480 3126 in
496 3076 605 3127 mente
620 3077 839 3144 acceptusque

83 3167 155 3225 Deo
178 3166 403 3242 omnipotenti.

123 3262 152 3324 Ο
176 3263 250 3340 quis
272 3263 352 3323 mihi
375 3263 439 3339 det,
461 3265 512 3324 vel
529 3280 625 3323 unam
648 3263 838 3338 particulam

80 3361 122 3420 de
144 3360 211 3420 illis
233 3362 335 3421 sacris
352 3360 484 3421 Domini
507 3361 571 3420 nrei
595 3361 669 3421 Iesu
692 3361 838 3421 vestibus

80 3459 214 3533 habere,
236 3459 288 3518 vel
306 3476 363 3535 pro
379 3459 553 3520 devotione
568 3477 624 3519 eas
640 3459 838 3535 contingere,
848 3473 875 3514 ao

80 3568 135 3616 aut
158 3573 216 3616 ore
238 3558 404 3632 osculare,
432 3558 519 3616 unde
546 3557 677 3633 saepius
699 3557 839 3617 maxima

445 3663 481 3704 131
701 3662 731 3703 o·
