2152 4174
215 559 471 621 misericorditer
512 567 765 636 percusserunt,
807 557 971 635 profunde

215 657 483 734 dilaceraverunt,
506 658 630 736 plagam
653 659 765 734 plagae
779 655 972 731 adicientes,

214 755 350 815 livorem
374 755 468 816 livori
490 755 633 832 undique
649 755 844 832 infligentes,
866 762 901 813 ut
923 752 969 812 nil

214 851 429 911 insauciatum
462 851 495 911 in
526 861 558 912 te
590 860 791 926 remaneret,
827 851 885 910 sed
922 849 970 909 in-

189 949 340 1012 snumeri
365 949 472 1009 fontes
489 949 623 1026 pretiosi
639 949 807 1026 sanguinis
827 948 873 1008 tui
890 957 970 1008 tam-

213 1063 308 1124 quam
339 1046 510 1107 rubicundi
541 1047 636 1107 rivuli
667 1046 811 1107 fluminis
839 1045 969 1106 abunde

213 1160 252 1204 ex
288 1144 427 1221 singulis
461 1144 731 1221 percussionibus
764 1142 970 1217 distillarent,

213 1250 247 1301 ut
269 1257 330 1302 nos
352 1242 391 1302 ab
414 1241 603 1318 inveteratis
619 1251 824 1319 peccatorum
842 1249 969 1300 nostro-

213 1356 283 1399 rum
316 1338 572 1416 inquinamentis
602 1340 753 1400 ablueres
781 1349 813 1399 et
841 1337 968 1398 animas

177 1462 201 1503 10
211 1445 340 1496 nostras
362 1437 400 1497 ab
423 1439 511 1499 omni
535 1447 624 1500 reatu
643 1438 786 1515 pretioso
807 1435 967 1513 sanguine

212 1543 267 1596 tuo
290 1533 475 1595 mundares

253 1632 327 1692 Heu
349 1633 414 1693 beu
434 1633 574 1694 Domine
591 1635 691 1709 Deus,
713 1643 853 1711 quantus
877 1633 968 1692 luror

211 1729 492 1807 iniquissimorum
509 1731 713 1807 ludaeorum,
727 1748 823 1808 quam
840 1731 968 1808 lapidea

211 1828 308 1889 corda
330 1828 580 1906 percutientium
597 1829 752 1905 virorum,
774 1829 829 1906 qui
849 1838 881 1889 te
897 1829 967 1905 pul-

176 1952 200 1993 15
211 1927 409 1988 cherrimum
432 1928 577 1988 omnium
594 1928 763 1989 hominurn
780 1928 852 1988 sine
868 1945 967 1988 causa

211 2024 372 2102 llagellare
401 2043 466 2086 non
498 2025 694 2101 timuerunt,
723 2028 781 2086 sed
803 2027 892 2086 velut
920 2026 966 2103 gi-

208 2131 323 2199 gantes
344 2133 457 2183 contra
478 2133 509 2183 te
529 2133 690 2184 steterunt
705 2133 737 2184 et
752 2123 785 2183 in
801 2123 891 2183 nullo
907 2122 964 2183 tibi

209 2228 435 2295 pepercerunt.

249 2316 279 2378 Ο
311 2326 422 2377 sancte
454 2334 551 2394 puer,
583 2320 686 2379 electe
717 2335 799 2395 puer
831 2317 963 2378 Domini

171 2442 198 2484 ω
209 2414 284 2490 mei,
304 2414 381 2492 quid
397 2424 484 2475 tanta
498 2415 713 2476 amaritudine
728 2416 860 2493 dignum
877 2432 964 2476 com-
1061 2443 1062 2450 κ

209 2512 374 2572 miseras?
426 2513 565 2573 Prorsus
598 2513 689 2574 nihil.
740 2513 827 2591 Quid
859 2515 964 2591 ergo?

210 2609 275 2686 Ego
298 2610 396 2669 homo
418 2609 565 2686 perditus
587 2610 686 2671 totius
708 2611 914 2672 contritionis
932 2623 963 2673 et

208 2706 308 2767 totius
330 2707 535 2767 conlusionis
557 2718 630 2768 tuae
653 2709 709 2769 tibi
735 2726 832 2770 causa
861 2710 962 2771 extiti.

208 2805 275 2864 Vae
290 2804 359 2879 tibi,
376 2804 563 2881 magnitudo
581 2816 787 2882 peccatorum
803 2825 962 2884 meorum,

169 2931 196 2973 25
208 2919 265 2979 pro
294 2901 413 2978 quibus
443 2903 611 2963 abolendis
642 2921 780 2965 necesse
810 2905 870 2966 luit
901 2906 960 2966 Dei

208 2997 309 3057 lilium
331 3006 396 3058 tam
419 3001 535 3061 acerba
557 3002 648 3062 luere
670 3011 840 3064 tormenta.

248 3095 330 3156 Esto·
346 3096 444 3173 igitur
467 3115 593 3160 mernor
617 3100 799 3162 dominicae
822 3102 960 3179 flagella-

206 3192 315 3269 tionis,
344 3194 452 3254 anima
480 3197 597 3257 devota
619 3197 744 3260 Christi
768 3200 865 3259 rubro
888 3218 960 3260 san·

205 3290 304 3367 guine
335 3291 519 3369 redempta,
556 3303 587 3354 et
619 3313 692 3356 cum
722 3297 960 3373 compassionis

168 3387 324 3455 maffectu
355 3391 489 3451 sedulae
516 3392 722 3468 gratitudinis
746 3395 791 3454 illi
817 3395 959 3471 repende

206 3486 409 3562 obsequium.

568 3593 595 3634 oo
