2142 4172
288 681 559 760 [cnmrvuvm
582 682 665 759 vn]

95 845 146 903 Da
169 840 413 917 praedicatione
442 840 661 914 apostolorum
692 844 724 900 et
752 841 854 901 divul-

93 941 228 1017 gatione
241 937 437 999 sanctissimi
452 937 591 997 nominis
605 937 736 997 Domini
755 939 855 998 nostri

95 1039 169 1098 Iesu
202 1036 319 1096 Christi
349 1035 382 1094 in
411 1039 478 1094 toto
509 1036 583 1094 orbe
613 1039 766 1095 terrarum
793 1052 853 1111 pro

325 1133 432 1194 salute
453 1133 628 1193 hominum.
862 1141 876 1182 ⁵

94 1248 344 1470 &medico
367 1312 399 1363 et
414 1303 532 1380 gratias
547 1319 606 1380 ago
621 1303 688 1378 tibi,
712 1303 852 1363 Domine

228 1403 302 1463 lesu
333 1402 467 1463 Christe
497 1401 684 1477 Nazarene,
715 1400 758 1460 lili
790 1402 851 1462 Dei
892 1441 894 1444 -

91 1500 265 1575 altissime,
287 1518 386 1576 super
401 1517 516 1560 omnes
531 1508 661 1560 sanctos
677 1508 709 1558 et
724 1509 852 1560 sanctas

91 1598 303 1660 aeternaliter
333 1597 522 1672 benedicte,
558 1597 633 1674 quia
668 1598 765 1658 hodie
799 1599 851 1659 ad-

90 1697 248 1759 veniente
271 1695 393 1773 Spiritu
422 1704 534 1755 sancto
564 1695 597 1755 in
621 1696 695 1773 igne
720 1695 887 1773 visibili,1o

91 1813 192 1873 quem
215 1794 332 1855 misisti
355 1794 536 1869 interram,
558 1793 602 1854 ita
616 1811 754 1854 accensa
775 1805 851 1855 sunt

91 1893 192 1954 corda
214 1892 358 1952 fidelium
388 1891 597 1952 invisibiliter
618 1891 650 1951 in
678 1893 723 1952 tui
747 1894 848 1953 sancti

89 1990 237 2052 nominis
258 2006 368 2049 amore
391 1998 423 2048 et
447 1989 558 2064 laude,
588 1989 674 2066 quod
695 2007 770 2050 mox
791 2008 850 2067 per

87 2091 205 2149 beatos
233 2088 398 2164 apostolos
420 2095 493 2146 tuos
522 2087 584 2146 hoc
613 2087 699 2147 idem
728 2104 848 2147 nomen

88 2197 183 2248 tuum
213 2203 313 2261 super
334 2184 443 2244 omnia
464 2184 596 2244 nomina
623 2195 808 2246 sanctorum
831 2202 886 2245 ais

90 2287 189 2345 Patre
225 2284 434 2344 clarificatum
479 2283 604 2343 abiecto
644 2284 760 2344 timore
801 2283 849 2343 in-

88 2381 216 2458 ceperit
245 2381 375 2458 publice
405 2381 602 2456 praedicari,
632 2381 772 2456 laudari,
803 2381 848 2441 di·

88 2480 182 2541 latari
213 2488 244 2539 et
265 2478 463 2555 magnificari
495 2488 527 2539 et
549 2495 656 2538 coram
682 2479 769 2538 omni
792 2496 847 2555 po·

86 2577 168 2654 pulo
197 2577 230 2636 in
254 2577 431 2636 ierusalem
455 2586 487 2637 et
508 2576 540 2636 in
570 2576 720 2653 gentibus
741 2576 846 2652 palam

87 2674 275 2736 annuntiari
308 2683 339 2734 et
370 2674 410 2734 de
442 2674 494 2734 die
525 2674 558 2733 in
588 2673 674 2734 diem
704 2673 883 2748 exaltaria

86 2772 242 2833 honorari
266 2781 297 2832 et
319 2771 455 2832 adorari.

132 2870 283 2946 Denique
326 2879 495 2930 crescente
533 2887 670 2930 numero
705 2869 845 2945 discipu-

86 2969 196 3029 lorum
219 2977 305 3028 tanta
334 2967 463 3028 devotio
493 2976 562 3027 orta
590 2978 640 3028 est
661 2978 693 3028 et
714 2967 845 3028 dilectio

87 3065 232 3126 fraterna
267 3064 353 3125 inter
388 3081 503 3125 omnes
541 3064 654 3124 fideles
689 3065 777 3124 viros
814 3073 845 3124 et

86 3162 256 3238 mulieres,
278 3172 313 3222 ut
334 3179 399 3222 una
420 3171 509 3222 esset
531 3162 612 3222 fides
632 3162 790 3222 mentium
813 3173 888 3223 etas.

85 3261 192 3339 pietas
214 3260 395 3335 actionum,
420 3269 452 3320 et
473 3276 588 3320 omnes
610 3261 767 3320 haberent
789 3277 845 3320 cor

85 3375 190 3426 unum
213 3366 245 3417 et
266 3357 406 3417 animam
429 3373 526 3416 unam
551 3374 610 3433 per
630 3374 741 3417 veram
764 3357 843 3417 cari-

85 3467 186 3519 tatem
215 3454 249 3514 in
279 3455 367 3530 Deo,
395 3471 460 3514 non
489 3464 684 3530 quaerentes
713 3455 842 3532 singuli,

85 3571 171 3633 quae
193 3571 253 3614 sua
273 3561 359 3628 sunt,
381 3552 439 3612 sed
461 3569 544 3628 quae
562 3553 636 3613 lesu
653 3552 789 3628 Christi,
811 3562 843 3612 et

443 3657 484 3701 asi
