2142 4172
235 428 991 542 Quaem&

231 618 375 679 tionibus
396 618 544 694 internis,
566 618 676 696 irrigat
695 618 820 679 crebris
834 619 990 695 precibus

231 726 264 777 et
285 717 436 778 lamentis
457 726 571 795 purgat
594 717 722 777 amaris.

272 814 301 876 Ο
317 815 463 874 omnium
480 814 624 875 lidelium
637 815 865 892 sanctificator,
882 824 991 876 rector

231 922 382 973 etcustos
390 912 602 989 omniumque
610 923 817 989 peccatorum
830 913 990 974 remissor

207 1021 263 1071 set
283 1010 490 1071 innocentiae
512 1012 679 1072 restitutor
693 1029 730 1072 ac
746 1011 888 1072 tristium
911 1029 988 1071 con-

230 1108 361 1185 solator,
386 1109 525 1185 Spiritus
547 1120 658 1170 sancte
681 1110 789 1186 Deus,
818 1110 988 1171 omiseri-

231 1222 304 1266 cors
319 1215 351 1265 et
366 1207 538 1267 miserator
551 1207 691 1268 Domine
707 1208 872 1284 paraclite,
886 1207 988 1284 pusil-

229 1305 334 1364 lorum
356 1306 540 1365 consolator
554 1305 712 1382 piissime,
734 1317 890 1367 converte
906 1305 987 1366 mihi

230 1419 326 1462 omne
348 1404 469 1463 malum
485 1403 518 1463 in
533 1404 655 1464 bonum
671 1415 703 1464 et
717 1405 838 1465 bonum
855 1422 989 1481 semper

195 1519 220 1560 ro
230 1500 263 1559 in
285 1500 421 1576 melius,
443 1501 565 1561 luctum
588 1501 621 1561 in
646 1502 817 1579 gaudium,
838 1520 986 1563 errorem

230 1597 263 1657 in
286 1597 524 1674 rectitudinem,
545 1598 758 1675 ignorantiam
783 1600 816 1659 in
841 1601 912 1660 veri
935 1618 988 1660 co-

228 1694 418 1771 gnitionem,
433 1705 579 1771 teporem
594 1696 628 1756 in
645 1697 818 1772 fervorem,
833 1697 985 1759 timorem

229 1791 262 1851 in
291 1809 453 1868 amorem,
481 1811 578 1854 omne
607 1795 774 1870 corporale
802 1796 924 1855 bonum
951 1795 986 1854 in

228 1889 396 1965 spirituale
412 1891 544 1967 donum,
566 1908 662 1952 omne
680 1902 845 1952 terrenum
861 1892 896 1951 in
914 1909 987 1952 cae-

195 1986 310 2050 rsleste
333 1987 550 2065 desiderium,
578 2006 675 2049 omne
704 1989 926 2050 transitorium
951 1989 985 2049 in

228 2095 415 2163 aeternum,
443 2105 540 2148 omne
568 2088 745 2148 humanum
769 2087 801 2147 in
826 2087 993 2162 divinum,¹

228 2199 326 2245 omne
347 2196 492 2247 creatum
515 2197 547 2246 et
569 2186 695 2247 linitum
713 2186 746 2245 in
765 2203 930 2247 summum
953 2197 987 2247 et

227 2281 390 2345 inlinitum
413 2302 449 2344 ac
471 2285 668 2346 immensum
686 2285 818 2357 bonum,
840 2285 928 2359 quod
949 2293 985 2344 tu

228 2397 274 2455 es,
297 2381 388 2442 Deus
403 2399 497 2442 meus
519 2391 550 2442 et
572 2382 712 2442 salvator
729 2398 832 2441 meus.
860 2381 890 2443 O
906 2399 986 2442 vera

191 2500 218 2541 ao
228 2496 264 2538 ac
280 2488 412 2540 aeterna
426 2480 515 2540 salus
530 2497 612 2555 mea,
628 2480 719 2539 Deus
734 2495 839 2553 meus,
855 2480 983 2539 custodi

228 2594 280 2637 me
315 2578 354 2637 ab
390 2576 477 2637 omni
514 2577 598 2637 malo
631 2575 815 2652 praesenti,
849 2575 984 2653 indulge

226 2676 399 2753 praeterita
420 2684 452 2736 et
474 2693 492 2735 a
513 2674 631 2736 futuris
646 2674 737 2751 eripe
752 2673 908 2751 periculis
924 2690 986 2749 per

226 2775 345 2851 largam
367 2773 501 2850 gratiam
520 2772 622 2833 sancti
643 2772 794 2849 Spiritus,
815 2789 912 2848 quam
935 2771 984 2831 in·

227 2872 337 2932 fudisti
354 2872 451 2932 hodie
467 2871 598 2946 copiosa
610 2871 839 2931 benedictione
854 2881 984 2947 aposto-

190 2970 330 3030 2slorum
354 2969 506 3029 cordibus
523 2969 562 3028 ad
576 2969 828 3045 praedicandum
844 2968 982 3028 verbum

227 3078 317 3128 tuum
340 3068 373 3128 in
396 3067 547 3128 omnibus
569 3067 730 3144 gentibus.
772 3064 890 3126 Amen.
