2118 4180
74 430 374 540 Wlfflin
396 485 476 538 aas.
501 429 809 540 maist

66 617 255 678 mortalitatis
295 617 461 678 caritativa
501 617 729 694 susceptione,
773 626 807 677 ut

64 733 117 775 nos
136 725 188 776 tua
209 716 430 776 exinanitione
454 718 608 792 repleres‚
630 725 685 775 tua
706 713 807 791 passi·

63 813 173 874 bilitate
200 815 362 889 salvares,
395 824 449 874 tua
480 813 661 874 humilitate
690 814 808 874 exalta·

63 927 117 986 res,
136 922 189 972 tua
210 911 397 972 infirmitate
420 912 608 987 roborareS,
638 920 693 971 tua
723 927 808 971 mor-

62 1008 170 1068 talitate
205 1010 245 1069 ad
280 1009 531 1070 immortalitatis
565 1009 700 1085 gloriam
736 1025 843 1084 per-⁵

15 1109 17 1118 ’
62 1105 196 1167 duceres.

95 1204 198 1265 Laudo
221 1213 254 1264 et
275 1206 482 1281 superexalto
502 1214 534 1264 te
555 1221 614 1281 pro
635 1195 699 1264 tua¹
712 1204 807 1279 longa

60 1299 292 1377 inhabitatione,
312 1319 375 1379 qua
396 1319 515 1363 novem
538 1301 708 1362 mensibus
723 1300 808 1360 intra

59 1398 214 1476 virginalis
230 1399 314 1460 uteri
330 1399 496 1476 angustias
514 1399 669 1475 parvulus
685 1395 806 1457 latuisti

59 1493 247 1571 expectando
279 1498 423 1558 debitum
456 1497 634 1558 nativitatis
666 1505 807 1570 tempus,
819 1512 843 1552 ro

59 1594 104 1668 qui
119 1596 300 1656 secundum
316 1595 518 1656 divinitatem
533 1613 601 1655 non
613 1594 716 1654 habes
726 1601 807 1653 tem·

15 1741 16 1746 ,
58 1708 126 1765 pora
146 1703 177 1753 et
199 1711 313 1769 annos,
337 1694 396 1754 sed
419 1693 527 1754 omnia
549 1693 582 1752 in
605 1702 752 1767 tempore
774 1699 807 1749 et

58 1789 160 1849 ordine
182 1808 326 1868 congruo
355 1791 521 1851 ordinasti.
564 1789 593 1850 O
616 1787 753 1849 amanda
774 1796 807 1845 et

57 1887 139 1946 valde
160 1888 349 1949 admiranda
371 1887 523 1964 dignatio,
547 1887 635 1963 quod
657 1895 691 1945 tu
715 1886 807 1944 Deus

56 1981 225 2044 immensae
247 1985 368 2061 gloriae
391 2001 456 2044 non
482 1983 660 2060 despexisti
683 1979 807 2042 vermis
819 2000 843 2041 rs

56 2081 300 2158 contemptibilis
329 2081 418 2157 fieri,
447 2091 479 2141 et
507 2081 562 2158 qui
592 2089 709 2140 cuncta
733 2078 806 2138 sine

55 2175 152 2238 labore
183 2179 320 2254 creasti,
355 2189 487 2255 propter
521 2195 581 2240 nos
614 2177 800 2239 liberandos

55 2273 173 2334 dolores
188 2284 319 2336 nostros
335 2294 504 2337 assumere
519 2275 662 2336 voluisti.
687 2275 716 2336 Ο
733 2274 801 2334 dul-

56 2370 176 2433 cissime
200 2373 293 2448 lesu,
322 2374 477 2450 splendor
498 2384 649 2434 aeternae
671 2372 804 2449 gloriae,

55 2480 164 2543 quanto
186 2480 218 2530 te
242 2471 402 2531 minorem
419 2471 668 2531 inhumanitate
687 2469 842 2543 lecisti,ao

15 2635 16 2640 γ
54 2575 133 2627 tanto
161 2569 319 2629 maiorem
346 2569 426 2629 mihi
449 2569 482 2628 in
505 2568 649 2630 bonitate
671 2568 805 2628 demon·

55 2665 164 2741 strasti,
186 2675 219 2726 et
241 2675 362 2743 quanto
382 2684 509 2742 prome
526 2667 631 2727 lactus
647 2683 683 2726 es
699 2665 805 2725 vilior,

15 2733 17 2812 i
54 2770 134 2822 tanto
155 2763 236 2824 mihi
260 2764 365 2824 carior
387 2781 433 2824 es.

250 2946 522 3024 [cnrirvuvm
546 2947 597 3024 u]

15 3059 16 3102 i
55 3083 95 3144 lla
114 3086 285 3146 nativitate
304 3104 343 3147 oc
361 3092 554 3163 paupertate
575 3086 705 3146 Domini
724 3087 840 3146 Iesum

57 3197 294 3417 &medico
315 3264 348 3316 et
364 3255 483 3331 gratias
498 3273 557 3332 ago
572 3255 640 3330 tibi,
662 3255 803 3315 Domine

174 3353 249 3414 lesu
262 3353 406 3428 Christe,
422 3370 462 3412 ex
477 3362 566 3429 patre
581 3352 682 3429 patris
697 3355 804 3430 unice,

57 3447 104 3521 qui
137 3451 228 3509 solus
271 3459 345 3510 ante
387 3450 582 3526 principium
625 3463 720 3512 natus
756 3453 803 3512 in-

57 3542 219 3606 effabiliter
250 3547 400 3623 dignatus
436 3565 472 3608 es
503 3566 543 3608 ex
574 3549 714 3610 maxima
744 3552 802 3610 hu-

414 3656 439 3696 ra
