2152 4174
268 599 377 659 Laudo
399 610 431 660 et
462 601 643 661 honorifico
674 610 706 661 te
737 619 795 678 pro
816 611 872 662 tua
892 603 984 663 beni-

225 695 384 773 gnissima
404 698 577 759 tolerantia
598 699 632 759 in
656 698 846 776 accipiendo
875 708 908 759 et
928 700 984 760 de-

225 795 384 870 gustando
406 796 664 858 acetosissimam
687 797 863 874 potionem,
885 815 982 875 quam

226 909 285 967 pro
307 893 491 969 expiatione
513 894 646 955 illicitae
668 894 895 955 delectationis
918 894 984 970 pri-

202 1006 353 1051 smorum
385 1001 555 1067 parentum
587 993 768 1069 poenaliter
793 992 983 1069 degustasti,

226 1095 276 1162 ut,
307 1087 392 1148 sicut
414 1088 501 1164 pomi
524 1088 687 1150 interdicti
710 1073 891 1167 degustatio
921 1088 982 1149 tuit

224 1200 323 1242 causa
344 1185 469 1262 mortiS,
491 1187 534 1247 ita
562 1205 659 1264 sapor
680 1187 779 1247 amari
808 1195 905 1263 potus
932 1187 980 1247 tui

225 1280 318 1342 fieret
339 1283 435 1343 nobis
456 1285 619 1346 medicina
641 1286 765 1346 salutis.

265 1378 329 1439 Sed
351 1398 411 1440 vae
433 1381 502 1457 tibi,
524 1383 623 1459 impie
640 1383 759 1443 Iudaee
781 1384 901 1460 popule
924 1383 981 1443 du-

190 1501 214 1542 ro
224 1493 278 1536 rae
310 1479 449 1538 cervicis
480 1488 512 1539 et
541 1480 754 1557 gravissimae
789 1480 982 1557 iniquitatis.

224 1574 398 1652 Quomodo
414 1594 595 1638 conversus
617 1595 654 1638 es
675 1579 714 1638 ad
731 1587 851 1638 tantam
875 1578 981 1655 pravi-

222 1681 337 1749 tatem,
365 1682 400 1733 ut
422 1674 602 1735 Barabbam
625 1675 806 1736 dimitteres
828 1683 860 1734 et
883 1674 981 1737 Chri-

223 1779 309 1830 stum
341 1771 578 1848 crucifigeres?
629 1773 803 1851 Quomodo
834 1782 980 1834 mutatus

223 1885 260 1928 es
281 1868 315 1929 in
330 1869 414 1929 hanc
429 1871 614 1947 amentiam,
636 1880 671 1931 ut
685 1873 838 1947 poculum
854 1871 978 1947 petenti

189 1982 213 2023 ιε
223 1964 360 2025 offerres
391 1969 546 2028 acetum?
597 1968 692 2030 Olfer
726 1968 806 2028 illud
837 1968 978 2044 principi

222 2064 427 2124 sacerdotum
449 2074 504 2125 aut
526 2066 600 2127 duci
622 2066 733 2143 populi
755 2065 801 2126 tui
820 2075 851 2126 et
867 2066 979 2142 proba,

220 2176 260 2219 an
292 2161 474 2222 consentiat
508 2162 630 2223 bibere.
682 2162 771 2240 Quid
807 2162 885 2222 lecit
919 2162 978 2222 tibi

221 2257 394 2334 Christus,
422 2269 477 2319 aut
498 2260 531 2320 in
554 2278 618 2338 quo
640 2261 800 2321 molestus
829 2259 890 2320 luit
918 2260 977 2320 tibi

221 2357 314 2417 lesus
343 2357 563 2418 Nazarenus?
606 2359 797 2435 Responde,
827 2358 978 2434 obsecro,

88 2501 91 2508 .
182 2454 309 2515 aomihi.
353 2455 471 2514 Nonne
493 2455 575 2531 pluit
596 2455 653 2516 tibi
678 2456 769 2516 Deus
795 2471 915 2514 manna
937 2455 979 2516 de

219 2554 309 2613 caelo
331 2561 363 2612 et
385 2570 501 2628 aquam
524 2553 675 2630 produxit
697 2553 737 2613 de
759 2562 851 2629 petra
871 2552 979 2613 duris·

218 2649 311 2725 sima,
337 2659 372 2710 ut
395 2649 586 2710 comederes
615 2659 648 2710 et
668 2649 799 2711 biberes
820 2650 854 2711 in
877 2652 979 2711 abun-

219 2745 353 2806 dantia?
395 2746 434 2806 Et
462 2762 539 2806 ecce
561 2764 620 2823 pro
646 2747 733 2807 dulci
762 2764 882 2808 manna
902 2765 978 2824 pro-

218 2843 312 2919 pinas
341 2843 454 2903 vinum
485 2853 665 2905 murratum
698 2854 730 2905 et
767 2861 825 2920 pro
863 2845 979 2904 multis

182 2955 373 3016 zsaquarum
397 2939 529 3002 liuentis
546 2958 608 3002 nec
623 2958 724 3001 unum
741 2941 873 3017 quidem
898 2943 978 3002 hau-

218 3047 304 3097 stum
341 3054 444 3113 aquae
480 3037 616 3100 Christo
659 3037 782 3098 sitienti
825 3039 978 3116 porrigis.

219 3135 394 3195 Enimvero
412 3135 439 3194 si
452 3135 608 3196 Christus
618 3136 728 3211 vellet,
743 3151 859 3196 omnes
874 3154 978 3214 aquas
1067 3175 1068 3178 =

218 3241 290 3292 tuas
309 3231 343 3292 in
358 3232 557 3309 salsuginem
573 3241 789 3307 converteret,
811 3241 843 3293 et
864 3241 899 3292 tu
923 3234 979 3294 de·
1067 3225 1068 3300 Ῐ

219 3329 403 3390 ficientibus
419 3346 502 3406 pane
517 3338 549 3388 et
564 3345 647 3405 aqua
661 3346 737 3389 mox
752 3329 879 3406 perires
898 3349 978 3407 prae

176 3450 204 3491 ao
218 3427 365 3488 ariditate
380 3427 481 3487 nimia
495 3444 553 3503 pro
568 3426 793 3487 misericordia
808 3428 979 3505 denegata.
1067 3465 1068 3508 ἦ

219 3524 316 3602 Quod
343 3525 370 3584 si
403 3524 500 3585 etiam
531 3525 651 3585 habere
672 3525 833 3585 voluisset
861 3536 977 3602 potum
1067 3513 1068 3586 Ϊ

578 3628 617 3670 172
