2118 4180
74 423 470 533 ΜΝ.
493 420 802 531 cabasam

68 611 247 688 dignationis
282 612 322 671 ad
352 609 522 671 hominurn
558 627 672 686 genus.
724 610 809 687 Quis

67 709 150 786 digne
181 709 368 769 existimare
399 709 522 782 valeat,
558 709 669 784 quanti
705 727 809 770 sacra·

67 807 153 867 menti
175 817 380 885 quantaeque
402 806 444 866 sit
462 806 594 883 gratiae,
616 807 703 883 quod
719 809 810 867 Deus

67 905 139 981 sugit
153 906 252 965 ubera
271 904 379 964 carnis
395 913 427 962 et
441 904 524 963 lacte
539 903 636 964 alitur
650 904 810 982 virginis?

67 1002 90 1062 O
110 1012 224 1079 quanta
245 1001 418 1063 dulcedine
448 1001 590 1061 caritatis
618 1001 716 1076 mihi,
746 1002 847 1060 Do-⁵

66 1101 151 1176 mine,
173 1100 398 1177 coniungeris,
423 1100 477 1176 qui
500 1100 539 1159 ad
561 1099 757 1176 indigentias
778 1107 810 1158 te

67 1197 214 1258 inclinasti
244 1199 406 1257 humanae
436 1197 634 1274 fragilitatisl
684 1196 713 1257 Ο
745 1213 811 1256 ma·

65 1312 150 1370 gnum
181 1295 453 1371 tremendumque
487 1295 698 1372 mysterium,
736 1311 809 1354 cum

66 1410 139 1452 unus
160 1394 312 1470 idemque
341 1392 538 1468 praedicaris
564 1393 604 1452 de
628 1393 698 1452 Deo
720 1401 810 1468 patre

67 1488 145 1548 Deus
172 1490 268 1551 etde
298 1499 400 1549 matre
428 1490 554 1567 virgine
580 1491 679 1550 homo
701 1507 810 1565 verus,
822 1503 846 1544 ιο

65 1603 139 1646 unus
173 1587 326 1664 idemque
363 1586 450 1647 iilius
485 1588 630 1649 crederis
669 1587 809 1648 feminae

64 1693 91 1741 et
116 1684 230 1744 unicus
259 1692 412 1759 paternae
433 1685 572 1760 gloriae,
601 1702 687 1745 unus
709 1685 810 1745 idem-

63 1796 119 1854 que
149 1781 311 1857 particeps
345 1780 450 1841 iactus
478 1783 647 1843 bominum
685 1793 716 1843 et
746 1785 809 1844 Do·

63 1876 161 1937 minus
183 1879 329 1940 adoraris
350 1881 550 1957 angelorum.

98 1975 201 2035 Laudo
224 1976 333 2053 itaque
355 1987 387 2036 te
412 1988 443 2037 et
464 1978 623 2038 benedico
652 1979 808 2039 ineffabili
822 1993 846 2034 15

63 2072 216 2132 dulcedini
246 2084 338 2150 tuae,
370 2075 424 2152 qui
457 2092 522 2134 non
554 2076 712 2136 erubuisti
745 2095 809 2136 ma-

61 2177 180 2230 ternum
205 2171 255 2230 lac
284 2188 401 2248 sugere
431 2172 608 2232 ostendens
639 2182 670 2232 te
699 2190 808 2234 veram

62 2267 159 2327 carnis
174 2268 334 2345 originem
350 2269 390 2328 de
405 2279 508 2329 matre
520 2270 646 2347 virgine
662 2271 809 2330 traxisse.

98 2364 123 2425 Ο
145 2367 199 2442 qui
217 2366 326 2442 pascis
341 2367 450 2426 omnia
465 2378 497 2427 et
512 2378 576 2429 tarn
592 2369 720 2430 modica
735 2386 810 2429 con·

63 2471 161 2525 tentus
197 2465 288 2526 luisti
324 2466 496 2543 alimonia,
535 2484 633 2544 pasce
669 2466 845 2527 animamao

63 2578 156 2622 meam
178 2562 263 2623 sacri
284 2563 374 2623 verbi
397 2565 534 2641 dapibus
556 2575 587 2624 et
607 2565 713 2625 tribue
735 2583 808 2625 cunr

62 2661 225 2732 gratiarum
248 2661 376 2722 actione
397 2663 455 2723 tibi
484 2664 626 2739 servire,
655 2664 809 2740 quamdiu

22 2747 23 2820 l
63 2755 89 2816 in
109 2760 169 2819 hoc
192 2759 297 2836 fragili
320 2777 393 2820 sum
417 2771 501 2821 statu
524 2761 679 2838 corporis.

223 2959 496 3035 [CAPITVLVlil
520 2962 636 3039 Villi]

74 3079 113 3139 De
131 3083 282 3143 dolorosa
304 3084 544 3145 circumcisione
565 3086 695 3146 Domini
716 3087 795 3146 lesa.
818 3108 845 3148 25

66 3191 300 3414 &medico
324 3261 356 3312 te
378 3263 410 3312 et
431 3253 550 3329 gratias
573 3272 631 3331 ago
654 3255 722 3331 tibi,
745 3257 809 3315 Do·

175 3349 265 3410 mine
281 3351 355 3410 iesu
372 3350 516 3426 Christe,
531 3353 672 3413 salvator
686 3353 809 3428 mundi,

67 3445 201 3513 puritatis
212 3454 334 3523 auctor,
350 3465 498 3509 summae
515 3450 722 3511 innocentiae
733 3469 808 3511 con-

67 3553 208 3620 servator,
231 3562 289 3620 pro
311 3555 385 3605 tuae
407 3548 603 3607 tenerrimae
625 3548 732 3607 camis
755 3547 808 3607 do-

415 3654 440 3693 ra
672 3653 701 3693 2·
