<?xml version="1.0" encoding="UTF-8"?>
<!DOCTYPE html PUBLIC "-//W3C//DTD XHTML 1.0 Transitional//EN"
    "http://www.w3.org/TR/xhtml1/DTD/xhtml1-transitional.dtd">
<html xmlns="http://www.w3.org/1999/xhtml" xml:lang="en" lang="en">
 <head>
  <title>
</title>
<meta http-equiv="Content-Type" content="text/html;charset=utf-8" />
  <meta name='ocr-system' content='tesseract 3.04.00' />
  <meta name='ocr-capabilities' content='ocr_page ocr_carea ocr_par ocr_line ocrx_word'/>
</head>
<body>
  <div class='ocr_page' id='page_1' title='image "./thomaehemerkena02pohlgoog_0124.png"; bbox 0 0 2152 4174; ppageno 0'>
   <div class='ocr_carea' id='block_1_1' title="bbox 93 401 837 515">
    <p class='ocr_par' dir='ltr' id='par_1_1' title="bbox 93 401 837 515">
     <span class='ocr_line' id='line_1_1' title="bbox 93 401 837 515; baseline -0.004 0"><span class='ocrx_word' id='word_1_1' title='bbox 93 401 837 515; x_wconf 49' lang='lat' dir='ltr'>Qffiuaufflffi</span> 
     </span>
    </p>
   </div>
   <div class='ocr_carea' id='block_1_2' title="bbox 7 588 917 2406">
    <p class='ocr_par' dir='ltr' id='par_1_2' title="bbox 81 588 917 2133">
     <span class='ocr_line' id='line_1_2' title="bbox 86 588 840 652; baseline 0.005 -4"><span class='ocrx_word' id='word_1_2' title='bbox 86 589 258 649; x_wconf 87' lang='lat' dir='ltr'>adversum</span> <span class='ocrx_word' id='word_1_3' title='bbox 274 606 327 649; x_wconf 94' lang='lat' dir='ltr'>me</span> <span class='ocrx_word' id='word_1_4' title='bbox 343 589 448 649; x_wconf 91' lang='lat' dir='ltr'>datam</span> <span class='ocrx_word' id='word_1_5' title='bbox 464 588 633 650; x_wconf 90' lang='lat' dir='ltr'>humiliter</span> <span class='ocrx_word' id='word_1_6' title='bbox 647 590 758 652; x_wconf 90' lang='lat' dir='ltr'>subire</span> <span class='ocrx_word' id='word_1_7' title='bbox 779 608 840 652; x_wconf 91' lang='lat' dir='ltr'>nec</span> 
     </span>
     <span class='ocr_line' id='line_1_3' title="bbox 86 687 841 763; baseline 0.003 -17"><span class='ocrx_word' id='word_1_8' title='bbox 86 687 262 762; x_wconf 84' lang='lat' dir='ltr'>praelatum</span> <span class='ocrx_word' id='word_1_9' title='bbox 306 703 416 747; x_wconf 92' lang='lat' dir='ltr'>meum</span> <span class='ocrx_word' id='word_1_10' title='bbox 459 687 653 763; x_wconf 86' lang='lat' dir='ltr'>insipienter</span> <span class='ocrx_word' id='word_1_11' title='bbox 696 687 841 748; x_wconf 86' lang='lat' dir='ltr'>iudicare</span> 
     </span>
     <span class='ocr_line' id='line_1_4' title="bbox 87 783 841 860; baseline 0.004 -17"><span class='ocrx_word' id='word_1_12' title='bbox 87 800 191 860; x_wconf 89' lang='lat' dir='ltr'>neque</span> <span class='ocrx_word' id='word_1_13' title='bbox 234 783 376 860; x_wconf 83' lang='lat' dir='ltr'>aliquem</span> <span class='ocrx_word' id='word_1_14' title='bbox 420 795 627 846; x_wconf 84' lang='lat' dir='ltr'>accusantem</span> <span class='ocrx_word' id='word_1_15' title='bbox 672 785 841 848; x_wconf 90' lang='lat' dir='ltr'>iniuriosis</span> 
     </span>
     <span class='ocr_line' id='line_1_5' title="bbox 86 880 841 960; baseline 0.007 -20"><span class='ocrx_word' id='word_1_16' title='bbox 86 880 193 941; x_wconf 91' lang='lat' dir='ltr'>verbis</span> <span class='ocrx_word' id='word_1_17' title='bbox 216 880 391 958; x_wconf 90' lang='lat' dir='ltr'>impetere,</span> <span class='ocrx_word' id='word_1_18' title='bbox 413 883 471 942; x_wconf 90' lang='lat' dir='ltr'>sed</span> <span class='ocrx_word' id='word_1_19' title='bbox 493 884 645 960; x_wconf 86' lang='lat' dir='ltr'>exemplo</span> <span class='ocrx_word' id='word_1_20' title='bbox 666 883 841 960; x_wconf 89' lang='lat' dir='ltr'>patientiae</span> 
     </span>
     <span class='ocr_line' id='line_1_6' title="bbox 85 979 864 1044; baseline 0.006 -6"><span class='ocrx_word' id='word_1_21' title='bbox 85 989 156 1039; x_wconf 85' lang='lat' dir='ltr'>tuae</span> <span class='ocrx_word' id='word_1_22' title='bbox 179 980 219 1039; x_wconf 92' lang='lat' dir='ltr'>ad</span> <span class='ocrx_word' id='word_1_23' title='bbox 239 979 445 1040; x_wconf 91' lang='lat' dir='ltr'>consimilem</span> <span class='ocrx_word' id='word_1_24' title='bbox 461 979 690 1041; x_wconf 81' lang='lat' dir='ltr'>taciturnitatis</span> <span class='ocrx_word' id='word_1_25' title='bbox 705 982 864 1044; x_wconf 81' lang='lat' dir='ltr'>tenderes</span> 
     </span>
     <span class='ocr_line' id='line_1_7' title="bbox 84 1077 841 1154; baseline 0.004 -18"><span class='ocrx_word' id='word_1_26' title='bbox 84 1077 247 1153; x_wconf 86' lang='lat' dir='ltr'>virtutem,</span> <span class='ocrx_word' id='word_1_27' title='bbox 262 1095 324 1138; x_wconf 90' lang='lat' dir='ltr'>nec</span> <span class='ocrx_word' id='word_1_28' title='bbox 333 1077 476 1154; x_wconf 84' lang='lat' dir='ltr'>graviter</span> <span class='ocrx_word' id='word_1_29' title='bbox 484 1077 648 1154; x_wconf 91' lang='lat' dir='ltr'>propriam</span> <span class='ocrx_word' id='word_1_30' title='bbox 659 1079 841 1154; x_wconf 89' lang='lat' dir='ltr'>ponderare</span> 
     </span>
     <span class='ocr_line' id='line_1_8' title="bbox 85 1175 840 1252; baseline 0.004 -18"><span class='ocrx_word' id='word_1_31' title='bbox 85 1175 363 1236; x_wconf 87' lang='lat' dir='ltr'>conculcationem</span> <span class='ocrx_word' id='word_1_32' title='bbox 399 1193 418 1235; x_wconf 99' lang='lat' dir='ltr'>a</span> <span class='ocrx_word' id='word_1_33' title='bbox 452 1176 654 1252; x_wconf 88' lang='lat' dir='ltr'>potentiore,</span> <span class='ocrx_word' id='word_1_34' title='bbox 689 1177 748 1237; x_wconf 93' lang='lat' dir='ltr'>sed</span> <span class='ocrx_word' id='word_1_35' title='bbox 783 1177 840 1238; x_wconf 93' lang='lat' dir='ltr'>tibi</span> 
     </span>
     <span class='ocr_line' id='line_1_9' title="bbox 84 1272 840 1336; baseline 0.005 -4"><span class='ocrx_word' id='word_1_36' title='bbox 84 1289 181 1333; x_wconf 92' lang='lat' dir='ltr'>omne</span> <span class='ocrx_word' id='word_1_37' title='bbox 196 1272 353 1335; x_wconf 92' lang='lat' dir='ltr'>iudicium</span> <span class='ocrx_word' id='word_1_38' title='bbox 370 1273 574 1333; x_wconf 90' lang='lat' dir='ltr'>committere</span> <span class='ocrx_word' id='word_1_39' title='bbox 590 1272 840 1336; x_wconf 91' lang='lat' dir='ltr'>discutiendum.</span> 
     </span>
     <span class='ocr_line' id='line_1_10' title="bbox 85 1369 841 1448; baseline 0.004 -18"><span class='ocrx_word' id='word_1_40' title='bbox 85 1371 157 1432; x_wconf 92' lang='lat' dir='ltr'>Non</span> <span class='ocrx_word' id='word_1_41' title='bbox 181 1379 233 1431; x_wconf 90' lang='lat' dir='ltr'>est</span> <span class='ocrx_word' id='word_1_42' title='bbox 252 1371 339 1432; x_wconf 92' lang='lat' dir='ltr'>enim</span> <span class='ocrx_word' id='word_1_43' title='bbox 356 1388 474 1432; x_wconf 90' lang='lat' dir='ltr'>servus</span> <span class='ocrx_word' id='word_1_44' title='bbox 489 1369 593 1431; x_wconf 92' lang='lat' dir='ltr'>maior</span> <span class='ocrx_word' id='word_1_45' title='bbox 608 1371 750 1433; x_wconf 88' lang='lat' dir='ltr'>Domino</span> <span class='ocrx_word' id='word_1_46' title='bbox 765 1389 841 1448; x_wconf 91' lang='lat' dir='ltr'>suo;</span> 
     </span>
     <span class='ocr_line' id='line_1_11' title="bbox 83 1468 877 1547; baseline 0.006 -19"><span class='ocrx_word' id='word_1_47' title='bbox 83 1485 156 1528; x_wconf 91' lang='lat' dir='ltr'>nam</span> <span class='ocrx_word' id='word_1_48' title='bbox 185 1468 213 1528; x_wconf 91' lang='lat' dir='ltr'>si</span> <span class='ocrx_word' id='word_1_49' title='bbox 240 1468 281 1528; x_wconf 95' lang='lat' dir='ltr'>de</span> <span class='ocrx_word' id='word_1_50' title='bbox 310 1477 341 1528; x_wconf 92' lang='lat' dir='ltr'>te</span> <span class='ocrx_word' id='word_1_51' title='bbox 369 1469 454 1529; x_wconf 91' lang='lat' dir='ltr'>male</span> <span class='ocrx_word' id='word_1_52' title='bbox 483 1468 659 1529; x_wconf 93' lang='lat' dir='ltr'>iudicatum</span> <span class='ocrx_word' id='word_1_53' title='bbox 689 1477 756 1544; x_wconf 91' lang='lat' dir='ltr'>est,</span> <span class='ocrx_word' id='word_1_54' title='bbox 784 1470 840 1547; x_wconf 93' lang='lat' dir='ltr'>qui</span> <span class='ocrx_word' id='word_1_55' title='bbox 854 1493 877 1536; x_wconf 85' lang='lat' dir='ltr'>ro</span> 
     </span>
     <span class='ocr_line' id='line_1_12' title="bbox 83 1561 917 1641; baseline 0.004 -16"><span class='ocrx_word' id='word_1_56' title='bbox 83 1565 180 1625; x_wconf 86' lang='lat' dir='ltr'>iudex</span> <span class='ocrx_word' id='word_1_57' title='bbox 212 1582 250 1626; x_wconf 92' lang='lat' dir='ltr'>es</span> <span class='ocrx_word' id='word_1_58' title='bbox 281 1566 446 1641; x_wconf 90' lang='lat' dir='ltr'>omnium,</span> <span class='ocrx_word' id='word_1_59' title='bbox 481 1583 543 1626; x_wconf 91' lang='lat' dir='ltr'>nec</span> <span class='ocrx_word' id='word_1_60' title='bbox 579 1566 840 1628; x_wconf 90' lang='lat' dir='ltr'>adversariorum</span> <span class='ocrx_word' id='word_1_61' title='bbox 914 1561 917 1569; x_wconf 87' lang='grc'><strong>’</strong></span> 
     </span>
     <span class='ocr_line' id='line_1_13' title="bbox 82 1663 840 1741; baseline 0.003 -18"><span class='ocrx_word' id='word_1_62' title='bbox 82 1663 259 1724; x_wconf 87' lang='lat' dir='ltr'>violentiae</span> <span class='ocrx_word' id='word_1_63' title='bbox 288 1663 455 1738; x_wconf 90' lang='lat' dir='ltr'>restitisti,</span> <span class='ocrx_word' id='word_1_64' title='bbox 487 1663 543 1740; x_wconf 89' lang='lat' dir='ltr'>qui</span> <span class='ocrx_word' id='word_1_65' title='bbox 573 1663 779 1741; x_wconf 91' lang='lat' dir='ltr'>inculpabilis</span> <span class='ocrx_word' id='word_1_66' title='bbox 807 1664 840 1725; x_wconf 92' lang='lat' dir='ltr'>in</span> 
     </span>
     <span class='ocr_line' id='line_1_14' title="bbox 82 1760 840 1841; baseline 0.004 -19"><span class='ocrx_word' id='word_1_67' title='bbox 82 1761 211 1822; x_wconf 90' lang='lat' dir='ltr'>cunctis</span> <span class='ocrx_word' id='word_1_68' title='bbox 249 1760 358 1838; x_wconf 85' lang='lat' dir='ltr'>fuisti,</span> <span class='ocrx_word' id='word_1_69' title='bbox 393 1771 514 1839; x_wconf 89' lang='lat' dir='ltr'>quanto</span> <span class='ocrx_word' id='word_1_70' title='bbox 550 1763 653 1839; x_wconf 86' lang='lat' dir='ltr'>magis</span> <span class='ocrx_word' id='word_1_71' title='bbox 688 1780 740 1824; x_wconf 90' lang='lat' dir='ltr'>me</span> <span class='ocrx_word' id='word_1_72' title='bbox 776 1765 840 1841; x_wconf 92' lang='lat' dir='ltr'>pati</span> 
     </span>
     <span class='ocr_line' id='line_1_15' title="bbox 81 1858 840 1935; baseline 0.005 -17"><span class='ocrx_word' id='word_1_73' title='bbox 81 1858 245 1935; x_wconf 89' lang='lat' dir='ltr'>oportebit</span> <span class='ocrx_word' id='word_1_74' title='bbox 273 1868 305 1919; x_wconf 93' lang='lat' dir='ltr'>et</span> <span class='ocrx_word' id='word_1_75' title='bbox 333 1859 532 1920; x_wconf 86' lang='lat' dir='ltr'>monasticae</span> <span class='ocrx_word' id='word_1_76' title='bbox 555 1877 607 1920; x_wconf 90' lang='lat' dir='ltr'>me</span> <span class='ocrx_word' id='word_1_77' title='bbox 630 1861 840 1922; x_wconf 89' lang='lat' dir='ltr'>substernere</span> 
     </span>
     <span class='ocr_line' id='line_1_16' title="bbox 81 1956 877 2036; baseline 0.014 -21"><span class='ocrx_word' id='word_1_78' title='bbox 81 1972 261 2031; x_wconf 88' lang='lat' dir='ltr'>censurae,</span> <span class='ocrx_word' id='word_1_79' title='bbox 292 1956 346 2033; x_wconf 93' lang='lat' dir='ltr'>qui</span> <span class='ocrx_word' id='word_1_80' title='bbox 378 1957 411 2018; x_wconf 93' lang='lat' dir='ltr'>in</span> <span class='ocrx_word' id='word_1_81' title='bbox 440 1958 552 2018; x_wconf 90' lang='lat' dir='ltr'>multis</span> <span class='ocrx_word' id='word_1_82' title='bbox 580 1975 678 2033; x_wconf 90' lang='lat' dir='ltr'>saepe</span> <span class='ocrx_word' id='word_1_83' title='bbox 708 1959 877 2036; x_wconf 79' lang='lat' dir='ltr'>deliquiis</span> 
     </span>
     <span class='ocr_line' id='line_1_17' title="bbox 81 2054 839 2133; baseline 0.003 -20"><span class='ocrx_word' id='word_1_84' title='bbox 81 2054 162 2114; x_wconf 88' lang='lat' dir='ltr'>luva</span> <span class='ocrx_word' id='word_1_85' title='bbox 173 2069 236 2128; x_wconf 92' lang='lat' dir='ltr'>me,</span> <span class='ocrx_word' id='word_1_86' title='bbox 253 2054 328 2114; x_wconf 90' lang='lat' dir='ltr'>lesu</span> <span class='ocrx_word' id='word_1_87' title='bbox 338 2054 489 2131; x_wconf 84' lang='lat' dir='ltr'>benigne,</span> <span class='ocrx_word' id='word_1_88' title='bbox 504 2054 717 2115; x_wconf 89' lang='lat' dir='ltr'>subiectionis</span> <span class='ocrx_word' id='word_1_89' title='bbox 729 2055 839 2133; x_wconf 87' lang='lat' dir='ltr'>iugum</span> 
     </span>
    </p>

    <p class='ocr_par' dir='ltr' id='par_1_3' title="bbox 7 2151 840 2406">
     <span class='ocr_line' id='line_1_18' title="bbox 7 2151 840 2229; baseline 0.004 -19"><span class='ocrx_word' id='word_1_90' title='bbox 7 2165 9 2182; x_wconf 63' lang='lat'><strong><em>³</em></strong></span> <span class='ocrx_word' id='word_1_91' title='bbox 80 2161 114 2211; x_wconf 92' lang='lat' dir='ltr'>et</span> <span class='ocrx_word' id='word_1_92' title='bbox 143 2151 358 2212; x_wconf 91' lang='lat' dir='ltr'>correctionis</span> <span class='ocrx_word' id='word_1_93' title='bbox 379 2152 502 2228; x_wconf 84' lang='lat' dir='ltr'>virgam</span> <span class='ocrx_word' id='word_1_94' title='bbox 532 2162 680 2229; x_wconf 90' lang='lat' dir='ltr'>prompte</span> <span class='ocrx_word' id='word_1_95' title='bbox 711 2162 840 2228; x_wconf 85' lang='lat' dir='ltr'>portare</span> 
     </span>
     <span class='ocr_line' id='line_1_19' title="bbox 80 2249 838 2310; baseline 0 -2"><span class='ocrx_word' id='word_1_96' title='bbox 80 2258 113 2309; x_wconf 93' lang='lat' dir='ltr'>et</span> <span class='ocrx_word' id='word_1_97' title='bbox 135 2249 170 2308; x_wconf 94' lang='lat' dir='ltr'>in</span> <span class='ocrx_word' id='word_1_98' title='bbox 192 2249 282 2309; x_wconf 94' lang='lat' dir='ltr'>omni</span> <span class='ocrx_word' id='word_1_99' title='bbox 305 2249 547 2310; x_wconf 87' lang='lat' dir='ltr'>tribulationum</span> <span class='ocrx_word' id='word_1_100' title='bbox 568 2257 688 2310; x_wconf 91' lang='lat' dir='ltr'>eventu</span> <span class='ocrx_word' id='word_1_101' title='bbox 711 2258 838 2310; x_wconf 90' lang='lat' dir='ltr'>tuorum</span> 
     </span>
     <span class='ocr_line' id='line_1_20' title="bbox 80 2345 433 2406; baseline 0.003 -1"><span class='ocrx_word' id='word_1_102' title='bbox 80 2345 252 2405; x_wconf 88' lang='lat' dir='ltr'>reminisci</span> <span class='ocrx_word' id='word_1_103' title='bbox 275 2346 433 2406; x_wconf 92' lang='lat' dir='ltr'>dolorum.</span> 
     </span>
    </p>
   </div>
   <div class='ocr_carea' id='block_1_3' title="bbox 255 2555 877 2633">
    <p class='ocr_par' dir='ltr' id='par_1_4' title="bbox 255 2555 877 2633">
     <span class='ocr_line' id='line_1_21' title="bbox 255 2555 877 2633; baseline -0.006 -15"><span class='ocrx_word' id='word_1_104' title='bbox 255 2555 526 2633; x_wconf 75' lang='lat' dir='ltr'>[cnrirvcvn</span> <span class='ocrx_word' id='word_1_105' title='bbox 555 2556 669 2632; x_wconf 79' lang='lat' dir='ltr'>xvii]</span> <span class='ocrx_word' id='word_1_106' title='bbox 850 2573 877 2614; x_wconf 64' lang='grc' dir='ltr'>ω</span> 
     </span>
    </p>
   </div>
   <div class='ocr_carea' id='block_1_4' title="bbox 81 2689 841 2849">
    <p class='ocr_par' dir='ltr' id='par_1_5' title="bbox 81 2689 841 2849">
     <span class='ocr_line' id='line_1_22' title="bbox 81 2689 841 2751; baseline 0.003 -2"><span class='ocrx_word' id='word_1_107' title='bbox 81 2691 127 2750; x_wconf 86' lang='lat' dir='ltr'>De</span> <span class='ocrx_word' id='word_1_108' title='bbox 156 2689 360 2750; x_wconf 81' lang='lat' dir='ltr'>baiulatione</span> <span class='ocrx_word' id='word_1_109' title='bbox 389 2690 491 2750; x_wconf 84' lang='lat' dir='ltr'>crucis</span> <span class='ocrx_word' id='word_1_110' title='bbox 518 2691 589 2751; x_wconf 88' lang='lat' dir='ltr'>Iesu</span> <span class='ocrx_word' id='word_1_111' title='bbox 617 2696 649 2751; x_wconf 86' lang='lat' dir='ltr'>et</span> <span class='ocrx_word' id='word_1_112' title='bbox 673 2691 841 2751; x_wconf 80' lang='lat' dir='ltr'>eductione</span> 
     </span>
     <span class='ocr_line' id='line_1_23' title="bbox 237 2788 690 2849; baseline 0.004 -2"><span class='ocrx_word' id='word_1_113' title='bbox 237 2788 306 2848; x_wconf 85' lang='lat' dir='ltr'>eius</span> <span class='ocrx_word' id='word_1_114' title='bbox 328 2789 372 2848; x_wconf 85' lang='lat' dir='ltr'>od</span> <span class='ocrx_word' id='word_1_115' title='bbox 393 2789 498 2848; x_wconf 86' lang='lat' dir='ltr'>locum</span> <span class='ocrx_word' id='word_1_116' title='bbox 519 2789 690 2849; x_wconf 83' lang='lat' dir='ltr'>calvariae.</span> 
     </span>
    </p>
   </div>
   <div class='ocr_carea' id='block_1_5' title="bbox 8 2881 897 3410">
    <p class='ocr_par' dir='ltr' id='par_1_6' title="bbox 8 2881 897 3410">
     <span class='ocr_line' id='line_1_24' title="bbox 82 2881 840 3104; baseline 0.001 -103"><span class='ocrx_word' id='word_1_117' title='bbox 82 2881 333 3104; x_wconf 45' lang='lat' dir='ltr'>&amp;medico</span> <span class='ocrx_word' id='word_1_118' title='bbox 354 2950 386 3001; x_wconf 90' lang='lat' dir='ltr'>et</span> <span class='ocrx_word' id='word_1_119' title='bbox 399 2940 519 3017; x_wconf 84' lang='lat' dir='ltr'>gratias</span> <span class='ocrx_word' id='word_1_120' title='bbox 535 2957 593 3017; x_wconf 88' lang='lat' dir='ltr'>ago</span> <span class='ocrx_word' id='word_1_121' title='bbox 608 2941 676 3017; x_wconf 93' lang='lat' dir='ltr'>tibi,</span> <span class='ocrx_word' id='word_1_122' title='bbox 699 2941 840 3002; x_wconf 88' lang='lat' dir='ltr'>Domine</span> 
     </span>
     <span class='ocr_line' id='line_1_25' title="bbox 216 3038 897 3115; baseline 0.001 -16"><span class='ocrx_word' id='word_1_123' title='bbox 216 3040 292 3099; x_wconf 91' lang='lat' dir='ltr'>lesu</span> <span class='ocrx_word' id='word_1_124' title='bbox 308 3038 452 3114; x_wconf 89' lang='lat' dir='ltr'>Christe,</span> <span class='ocrx_word' id='word_1_125' title='bbox 473 3038 550 3098; x_wconf 90' lang='lat' dir='ltr'>vitis</span> <span class='ocrx_word' id='word_1_126' title='bbox 564 3056 652 3115; x_wconf 84' lang='lat' dir='ltr'>vera,</span> <span class='ocrx_word' id='word_1_127' title='bbox 676 3039 761 3100; x_wconf 92' lang='lat' dir='ltr'>vitae</span> <span class='ocrx_word' id='word_1_128' title='bbox 778 3039 841 3115; x_wconf 86' lang='lat' dir='ltr'>via,</span> <span class='ocrx_word' id='word_1_129' title='bbox 895 3104 897 3109; x_wconf 68' lang='lat'>,</span> 
     </span>
     <span class='ocr_line' id='line_1_26' title="bbox 83 3136 878 3214; baseline 0.005 -20"><span class='ocrx_word' id='word_1_130' title='bbox 83 3136 173 3197; x_wconf 91' lang='lat' dir='ltr'>salus</span> <span class='ocrx_word' id='word_1_131' title='bbox 191 3145 313 3210; x_wconf 89' lang='lat' dir='ltr'>nostra,</span> <span class='ocrx_word' id='word_1_132' title='bbox 335 3153 393 3212; x_wconf 90' lang='lat' dir='ltr'>pro</span> <span class='ocrx_word' id='word_1_133' title='bbox 409 3146 463 3196; x_wconf 90' lang='lat' dir='ltr'>tua</span> <span class='ocrx_word' id='word_1_134' title='bbox 477 3136 690 3213; x_wconf 88' lang='lat' dir='ltr'>gravissimae</span> <span class='ocrx_word' id='word_1_135' title='bbox 706 3146 737 3197; x_wconf 91' lang='lat' dir='ltr'>et</span> <span class='ocrx_word' id='word_1_136' title='bbox 752 3138 841 3214; x_wconf 84' lang='lat' dir='ltr'>igno·</span> <span class='ocrx_word' id='word_1_137' title='bbox 851 3158 878 3199; x_wconf 82' lang='lat'>25</span> 
     </span>
     <span class='ocr_line' id='line_1_27' title="bbox 84 3232 841 3311; baseline 0.003 -17"><span class='ocrx_word' id='word_1_138' title='bbox 84 3232 342 3294; x_wconf 86' lang='lat' dir='ltr'>miniosissimae</span> <span class='ocrx_word' id='word_1_139' title='bbox 364 3235 471 3296; x_wconf 91' lang='lat' dir='ltr'>crucis</span> <span class='ocrx_word' id='word_1_140' title='bbox 490 3234 688 3295; x_wconf 84' lang='lat' dir='ltr'>baiulatione</span> <span class='ocrx_word' id='word_1_141' title='bbox 702 3235 841 3311; x_wconf 87' lang='lat' dir='ltr'>publica,</span> 
     </span>
     <span class='ocr_line' id='line_1_28' title="bbox 8 3331 841 3410; baseline 0.002 -19"><span class='ocrx_word' id='word_1_142' title='bbox 8 3395 9 3410; x_wconf 19' lang='grc' dir='ltr'><strong>ἶ</strong></span> <span class='ocrx_word' id='word_1_143' title='bbox 84 3348 182 3407; x_wconf 90' lang='lat' dir='ltr'>quam</span> <span class='ocrx_word' id='word_1_144' title='bbox 204 3348 263 3408; x_wconf 95' lang='lat' dir='ltr'>pro</span> <span class='ocrx_word' id='word_1_145' title='bbox 283 3331 383 3392; x_wconf 88' lang='lat' dir='ltr'>totius</span> <span class='ocrx_word' id='word_1_146' title='bbox 398 3332 532 3391; x_wconf 94' lang='lat' dir='ltr'>humani</span> <span class='ocrx_word' id='word_1_147' title='bbox 547 3331 679 3408; x_wconf 87' lang='lat' dir='ltr'>generis</span> <span class='ocrx_word' id='word_1_148' title='bbox 694 3333 841 3409; x_wconf 90' lang='lat' dir='ltr'>redemp-</span> 
     </span>
    </p>
   </div>
   <div class='ocr_carea' id='block_1_6' title="bbox 85 3428 840 3505">
    <p class='ocr_par' dir='ltr' id='par_1_7' title="bbox 85 3428 840 3505">
     <span class='ocr_line' id='line_1_29' title="bbox 85 3428 840 3505; baseline 0.004 -17"><span class='ocrx_word' id='word_1_149' title='bbox 85 3429 173 3490; x_wconf 92' lang='lat' dir='ltr'>tione</span> <span class='ocrx_word' id='word_1_150' title='bbox 202 3428 371 3490; x_wconf 89' lang='lat' dir='ltr'>humiliter</span> <span class='ocrx_word' id='word_1_151' title='bbox 398 3429 508 3490; x_wconf 91' lang='lat' dir='ltr'>subire</span> <span class='ocrx_word' id='word_1_152' title='bbox 539 3447 575 3489; x_wconf 92' lang='lat' dir='ltr'>ac</span> <span class='ocrx_word' id='word_1_153' title='bbox 603 3429 840 3505; x_wconf 85' lang='lat' dir='ltr'>patientissime</span> 
     </span>
    </p>
   </div>
   <div class='ocr_carea' id='block_1_7' title="bbox 86 3526 840 3674">
    <p class='ocr_par' dir='ltr' id='par_1_8' title="bbox 86 3526 840 3674">
     <span class='ocr_line' id='line_1_30' title="bbox 86 3526 840 3603; baseline 0.003 -17"><span class='ocrx_word' id='word_1_154' title='bbox 86 3535 213 3601; x_wconf 90' lang='lat' dir='ltr'>portare</span> <span class='ocrx_word' id='word_1_155' title='bbox 243 3526 392 3603; x_wconf 84' lang='lat' dir='ltr'>dignatus</span> <span class='ocrx_word' id='word_1_156' title='bbox 421 3543 474 3601; x_wconf 92' lang='lat' dir='ltr'>es,</span> <span class='ocrx_word' id='word_1_157' title='bbox 503 3537 537 3587; x_wconf 93' lang='lat' dir='ltr'>ut</span> <span class='ocrx_word' id='word_1_158' title='bbox 565 3543 660 3587; x_wconf 90' lang='lat' dir='ltr'>ovem</span> <span class='ocrx_word' id='word_1_159' title='bbox 682 3527 840 3603; x_wconf 91' lang='lat' dir='ltr'>perditam</span> 
     </span>
     <span class='ocr_line' id='line_1_31' title="bbox 448 3632 486 3674; baseline 0 0"><span class='ocrx_word' id='word_1_160' title='bbox 448 3632 486 3674; x_wconf 81' lang='lat'>1⁰5</span> 
     </span>
    </p>
   </div>
   <div class='ocr_carea' id='block_1_8' title="bbox 0 0 1080 4174">
    <p class='ocr_par' dir='ltr' id='par_1_9' title="bbox 0 0 1080 4174">
     <span class='ocr_line' id='line_1_32' title="bbox 0 0 1080 4174; baseline 0 0"><span class='ocrx_word' id='word_1_161' title='bbox 0 0 1080 4174; x_wconf 95' lang='lat' dir='ltr'> </span> 
     </span>
    </p>
   </div>
  </div>
 </body>
</html>
