2194 4180
248 469 993 579 witam&

241 659 360 719 luenda
375 657 521 734 crimina,
536 658 575 718 ad
591 657 827 734 extinguendos
842 658 997 720 lasciviae

242 766 350 818 motus
371 765 403 816 et
424 756 464 815 ad
486 755 679 833 mitigandas
697 754 884 816 iracundiae
900 755 997 817 rixas.

243 855 281 914 Et
302 862 336 913 tu
365 870 441 930 ergo
470 852 510 912 de
539 851 601 912 hoc
631 852 720 912 ionte
742 851 920 912 Salvatoris
940 869 998 929 po·

242 952 351 1012 culum
383 967 476 1012 sume
506 950 636 1011 amoris.
687 948 792 1010 Trahe
824 967 863 1010 ex
894 951 996 1012 latere

219 1051 317 1112 slesu
347 1048 454 1109 dulcia
482 1048 602 1110 solacia
626 1049 728 1125 vitae,
755 1058 792 1110 ut
812 1047 905 1108 vivas
933 1048 997 1110 ianr

242 1164 307 1206 non
330 1146 363 1205 in
385 1154 427 1220 te,
449 1146 507 1206 sed
529 1146 562 1207 in
586 1164 636 1223 eo,
658 1147 712 1224 qui
735 1147 926 1206 vulneratus
947 1156 999 1207 est

242 1260 300 1319 pro
329 1252 371 1303 te.
414 1243 463 1302 Da
492 1243 538 1304 illi
568 1261 625 1304 cor
651 1253 761 1319 tuum,
792 1242 846 1321 qui
872 1243 1000 1320 aperuit

243 1340 299 1402 tibi
336 1358 392 1401 cor
425 1358 532 1402 suum.
575 1341 749 1419 Ingredere
784 1358 843 1418 per
877 1341 999 1402 ostium

242 1438 357 1500 sacrati
381 1439 528 1500 vulneris
556 1440 595 1499 ad
624 1439 737 1500 intima
760 1438 998 1514 Redemptoris.

208 1537 369 1613 reinvitat,
392 1547 426 1598 ut
447 1537 566 1613 intres,
594 1537 690 1613 petit,
722 1545 757 1596 ut
785 1552 898 1596 secum
927 1554 1000 1612 per·

242 1652 385 1710 maneas,
407 1633 579 1710 desiderat,
601 1644 637 1694 ut
658 1651 714 1694 cor
736 1650 837 1694 unum
860 1649 935 1693 cum
958 1649 998 1692 eo

242 1733 372 1792 habeas.
415 1731 485 1807 Fili,
511 1731 626 1809 inquit,
648 1732 688 1791 da
709 1730 789 1793 mihi
818 1748 875 1790 cor
896 1740 999 1791 tuum.

243 1829 297 1889 Nil
319 1829 459 1906 amplius
481 1838 551 1889 ate
575 1830 666 1890 Deus
688 1829 840 1906 requirit3
868 1828 896 1888 si
919 1828 1000 1888 illud
1083 1883 1084 1896 ,

243 1927 383 2004 dederis,
396 1927 617 2004 gratissimum
629 1944 750 1986 munus
765 1925 920 1987 obtulisti.
952 1928 1002 1987 Da

208 2026 435 2103 15erg01esu,
464 2043 529 2085 non
552 2025 662 2102 alteri3
690 2025 731 2085 da
752 2023 904 2099 Christo,
934 2041 1000 2085 non

243 2124 393 2200 saeculo;
410 2124 450 2183 da
465 2132 628 2184 cortuum
644 2133 795 2184 aeternae
810 2121 1002 2199 sapientiae,

244 2237 309 2280 non
331 2237 433 2280 vanae
455 2219 691 2296 philosophiae.
725 2219 801 2280 Ideo
824 2219 912 2280 enim
935 2228 1000 2279 tam
1083 2241 1084 2246 ¹

244 2317 306 2377 late
330 2316 407 2377 iecit
428 2317 512 2377 latus
534 2334 630 2377 suum
652 2316 769 2393 aperiri
793 2325 825 2376 et
839 2316 1003 2392 proiunde
1083 2299 1084 2316 ¹

243 2414 419 2491 transfodi,
450 2424 484 2476 ut
514 2414 567 2474 via
593 2413 649 2475 tibi
678 2422 803 2490 pateret
824 2412 1003 2473 accedendi

207 2513 283 2581 :aad
315 2530 371 2572 cor
401 2512 510 2572 dilecti
543 2512 607 2588 tui,
638 2522 674 2572 ut
703 2511 812 2588 possis
846 2510 1006 2570 interiora

245 2621 416 2688 penetrare
452 2610 510 2671 lilii
547 2611 608 2671 Dei
645 2621 677 2672 et
711 2611 744 2670 in
779 2625 859 2669 vera
893 2608 1005 2668 cordis

245 2709 366 2769 unione
388 2709 449 2769 sibi
473 2707 575 2784 uniri,
604 2718 639 2768 ut
665 2724 781 2768 omnes
803 2699 1005 2766 'affectiones

245 2817 316 2867 tuas
347 2807 380 2867 in
406 2806 513 2883 ipsum
543 2805 663 2882 dirigas
694 2813 726 2865 et
756 2812 873 2864 cuncta
904 2820 1006 2879 opera

245 2914 299 2964 tua
320 2905 359 2964 ad
382 2904 454 2964 eius
476 2905 634 2963 honorem
664 2901 804 2978 simplici
835 2918 875 2960 ex
904 2901 1004 2961 corde

208 3019 236 3062 25
247 3001 356 3077 iacias,
367 3011 402 3062 ut
412 3001 473 3077 ipsi
486 3000 546 3061 soli
558 3000 698 3076 placere,
720 2999 781 3075 ipsi
797 3007 1007 3075 puramente

246 3108 279 3158 et
303 3097 380 3158 totis
401 3097 526 3158 viribus
555 3097 687 3157 studeas
715 3096 898 3156 inhaerere.
940 3096 1006 3156 Vbi

246 3196 333 3257 enim
355 3195 478 3272 poteris
506 3195 656 3256 securius
684 3193 873 3270 quiescere,
901 3193 1007 3254 tutius

245 3293 389 3354 habitare
412 3310 448 3353 ac
470 3292 605 3352 suavius
627 3291 822 3366 obdormire,
850 3307 948 3368 quam
969 3290 1006 3350 in

245 3390 436 3451 vulneribus
458 3390 533 3451 Iesu
556 3389 681 3451 Christi
704 3405 762 3464 pro
791 3398 823 3448 te
845 3387 1008 3464 crucifixi,

209 3487 299 3552 soubi
329 3488 519 3563 ampliorem
547 3487 673 3548 valebis
701 3485 850 3546 invenire
875 3485 1008 3562 sapien-

246 3585 321 3645 tiam
351 3595 383 3644 et
413 3584 575 3645 utiliorem
610 3601 726 3660 capere
755 3582 886 3644 vivendi
920 3583 1009 3644 noti-

607 3687 644 3730 raa
