<?xml version="1.0" encoding="UTF-8"?>
<!DOCTYPE html PUBLIC "-//W3C//DTD XHTML 1.0 Transitional//EN"
    "http://www.w3.org/TR/xhtml1/DTD/xhtml1-transitional.dtd">
<html xmlns="http://www.w3.org/1999/xhtml" xml:lang="en" lang="en">
 <head>
  <title>
</title>
<meta http-equiv="Content-Type" content="text/html;charset=utf-8" />
  <meta name='ocr-system' content='tesseract 3.04.00' />
  <meta name='ocr-capabilities' content='ocr_page ocr_carea ocr_par ocr_line ocrx_word'/>
</head>
<body>
  <div class='ocr_page' id='page_1' title='image "./thomaehemerkena02pohlgoog_0107.png"; bbox 0 0 2152 4174; ppageno 0'>
   <div class='ocr_carea' id='block_1_1' title="bbox 201 348 951 458">
    <p class='ocr_par' dir='ltr' id='par_1_1' title="bbox 201 348 951 458">
     <span class='ocr_line' id='line_1_1' title="bbox 201 348 951 458; baseline 0 0"><span class='ocrx_word' id='word_1_1' title='bbox 201 348 951 458; x_wconf 42' lang='lat' dir='ltr'><strong>Qucum&amp;</strong></span> 
     </span>
    </p>
   </div>
   <div class='ocr_carea' id='block_1_2' title="bbox 106 537 958 3444">
    <p class='ocr_par' dir='ltr' id='par_1_2' title="bbox 172 537 958 1086">
     <span class='ocr_line' id='line_1_2' title="bbox 195 537 958 614; baseline 0.001 -18"><span class='ocrx_word' id='word_1_2' title='bbox 195 537 340 597; x_wconf 72' lang='lat' dir='ltr'><strong>veritas?</strong></span> <span class='ocrx_word' id='word_1_3' title='bbox 357 537 415 596; x_wconf 92' lang='lat' dir='ltr'><strong>sed</strong></span> <span class='ocrx_word' id='word_1_4' title='bbox 431 554 496 596; x_wconf 96' lang='lat' dir='ltr'><strong>non</strong></span> <span class='ocrx_word' id='word_1_5' title='bbox 512 537 628 614; x_wconf 91' lang='lat' dir='ltr'><strong>accipit</strong></span> <span class='ocrx_word' id='word_1_6' title='bbox 648 554 853 614; x_wconf 86' lang='lat' dir='ltr'><strong>responsum,</strong></span> <span class='ocrx_word' id='word_1_7' title='bbox 875 537 958 614; x_wconf 91' lang='lat' dir='ltr'><strong>quia</strong></span> 
     </span>
     <span class='ocr_line' id='line_1_3' title="bbox 197 632 956 712; baseline 0.003 -18"><span class='ocrx_word' id='word_1_8' title='bbox 197 633 305 694; x_wconf 94' lang='lat' dir='ltr'><strong>ludaei</strong></span> <span class='ocrx_word' id='word_1_9' title='bbox 335 632 434 694; x_wconf 94' lang='lat' dir='ltr'><strong>nimis</strong></span> <span class='ocrx_word' id='word_1_10' title='bbox 459 635 645 712; x_wconf 87' lang='lat' dir='ltr'>importune</span> <span class='ocrx_word' id='word_1_11' title='bbox 670 635 811 712; x_wconf 85' lang='lat' dir='ltr'><strong>flagitant</strong></span> <span class='ocrx_word' id='word_1_12' title='bbox 835 635 956 696; x_wconf 89' lang='lat' dir='ltr'><strong>mortis</strong></span> 
     </span>
     <span class='ocr_line' id='line_1_4' title="bbox 196 730 955 811; baseline 0.003 -20"><span class='ocrx_word' id='word_1_13' title='bbox 196 731 361 792; x_wconf 89' lang='lat' dir='ltr'><strong>iudicium.</strong></span> <span class='ocrx_word' id='word_1_14' title='bbox 404 730 547 792; x_wconf 87' lang='lat' dir='ltr'>Tandem</span> <span class='ocrx_word' id='word_1_15' title='bbox 574 731 782 809; x_wconf 81' lang='lat' dir='ltr'><strong>postulationi</strong></span> <span class='ocrx_word' id='word_1_16' title='bbox 814 732 955 811; x_wconf 91' lang='lat' dir='ltr'><strong>iniquis-</strong></span> 
     </span>
     <span class='ocr_line' id='line_1_5' title="bbox 196 829 955 907; baseline 0 -17"><span class='ocrx_word' id='word_1_17' title='bbox 196 829 298 890; x_wconf 81' lang='lat' dir='ltr'>simae</span> <span class='ocrx_word' id='word_1_18' title='bbox 320 829 456 891; x_wconf 87' lang='lat' dir='ltr'><strong>assentit</strong></span> <span class='ocrx_word' id='word_1_19' title='bbox 477 830 611 907; x_wconf 91' lang='lat' dir='ltr'><strong>iniquus</strong></span> <span class='ocrx_word' id='word_1_20' title='bbox 629 830 740 890; x_wconf 92' lang='lat' dir='ltr'><strong>nimiis</strong></span> <span class='ocrx_word' id='word_1_21' title='bbox 762 846 874 890; x_wconf 91' lang='lat' dir='ltr'><strong>eorum</strong></span> <span class='ocrx_word' id='word_1_22' title='bbox 890 830 955 890; x_wconf 94' lang='lat' dir='ltr'><strong>im-</strong></span> 
     </span>
     <span class='ocr_line' id='line_1_6' title="bbox 172 927 954 1005; baseline -0.003 -15"><span class='ocrx_word' id='word_1_23' title='bbox 172 927 409 1004; x_wconf 84' lang='lat' dir='ltr'><strong>sprobitatibus</strong></span> <span class='ocrx_word' id='word_1_24' title='bbox 430 945 467 988; x_wconf 94' lang='lat' dir='ltr'><strong>ac</strong></span> <span class='ocrx_word' id='word_1_25' title='bbox 489 928 672 1005; x_wconf 89' lang='lat' dir='ltr'><strong>principum</strong></span> <span class='ocrx_word' id='word_1_26' title='bbox 703 927 869 988; x_wconf 84' lang='lat' dir='ltr'><strong>favoribus</strong></span> <span class='ocrx_word' id='word_1_27' title='bbox 894 928 954 988; x_wconf 90' lang='lat' dir='ltr'><strong>de·</strong></span> 
     </span>
     <span class='ocr_line' id='line_1_7' title="bbox 198 1025 311 1086; baseline 0 -1"><span class='ocrx_word' id='word_1_28' title='bbox 198 1025 311 1086; x_wconf 85' lang='lat' dir='ltr'><strong>ilexus.</strong></span> 
     </span>
    </p>

    <p class='ocr_par' dir='ltr' id='par_1_3' title="bbox 196 1121 953 1394">
     <span class='ocr_line' id='line_1_8' title="bbox 237 1121 951 1199; baseline 0.003 -17"><span class='ocrx_word' id='word_1_29' title='bbox 237 1121 266 1183; x_wconf 94' lang='grc' dir='ltr'><strong>Ο</strong></span> <span class='ocrx_word' id='word_1_30' title='bbox 290 1138 385 1199; x_wconf 91' lang='lat' dir='ltr'><strong>quam</strong></span> <span class='ocrx_word' id='word_1_31' title='bbox 408 1141 553 1183; x_wconf 97' lang='lat' dir='ltr'><strong>amarum</strong></span> <span class='ocrx_word' id='word_1_32' title='bbox 582 1123 642 1184; x_wconf 89' lang='lat' dir='ltr'><strong>iuit</strong></span> <span class='ocrx_word' id='word_1_33' title='bbox 668 1132 700 1183; x_wconf 92' lang='lat' dir='ltr'><strong>et</strong></span> <span class='ocrx_word' id='word_1_34' title='bbox 722 1123 951 1184; x_wconf 92' lang='lat' dir='ltr'><strong>scandalosum</strong></span> 
     </span>
     <span class='ocr_line' id='line_1_9' title="bbox 196 1220 952 1295; baseline 0.005 -17"><span class='ocrx_word' id='word_1_35' title='bbox 196 1236 255 1295; x_wconf 91' lang='lat' dir='ltr'><strong>per</strong></span> <span class='ocrx_word' id='word_1_36' title='bbox 283 1229 380 1281; x_wconf 89' lang='lat' dir='ltr'><strong>totam</strong></span> <span class='ocrx_word' id='word_1_37' title='bbox 405 1221 581 1281; x_wconf 89' lang='lat' dir='ltr'><strong>Ierusalem</strong></span> <span class='ocrx_word' id='word_1_38' title='bbox 612 1221 651 1281; x_wconf 92' lang='lat' dir='ltr'><strong>de</strong></span> <span class='ocrx_word' id='word_1_39' title='bbox 680 1220 851 1281; x_wconf 92' lang='lat' dir='ltr'><strong>benedicto</strong></span> <span class='ocrx_word' id='word_1_40' title='bbox 875 1222 952 1282; x_wconf 87' lang='lat' dir='ltr'><strong>Iesu</strong></span> 
     </span>
     <span class='ocr_line' id='line_1_10' title="bbox 196 1316 953 1394; baseline 0.004 -19"><span class='ocrx_word' id='word_1_41' title='bbox 196 1316 434 1378; x_wconf 82' lang='lat' dir='ltr'><strong>maledictionis</strong></span> <span class='ocrx_word' id='word_1_42' title='bbox 463 1317 620 1394; x_wconf 90' lang='lat' dir='ltr'><strong>divulgari</strong></span> <span class='ocrx_word' id='word_1_43' title='bbox 650 1318 802 1378; x_wconf 88' lang='lat' dir='ltr'><strong>verbum:</strong></span> <span class='ocrx_word' id='word_1_44' title='bbox 834 1317 953 1380; x_wconf 91' lang='lat' dir='ltr'><strong>Cruci·</strong></span> 
     </span>
    </p>

    <p class='ocr_par' dir='ltr' id='par_1_4' title="bbox 106 1413 954 3444">
     <span class='ocr_line' id='line_1_11' title="bbox 161 1413 952 1492; baseline -0.003 -14"><span class='ocrx_word' id='word_1_45' title='bbox 161 1435 186 1478; x_wconf 88' lang='lat' dir='ltr'><strong>ro</strong></span> <span class='ocrx_word' id='word_1_46' title='bbox 197 1413 267 1491; x_wconf 86' lang='lat' dir='ltr'><strong>fige,</strong></span> <span class='ocrx_word' id='word_1_47' title='bbox 290 1415 443 1492; x_wconf 86' lang='lat' dir='ltr'><strong>crucifige</strong></span> <span class='ocrx_word' id='word_1_48' title='bbox 458 1415 559 1475; x_wconf 90' lang='lat' dir='ltr'><strong>illum.</strong></span> <span class='ocrx_word' id='word_1_49' title='bbox 592 1415 677 1492; x_wconf 94' lang='lat' dir='ltr'><strong>Quis</strong></span> <span class='ocrx_word' id='word_1_50' title='bbox 692 1414 867 1475; x_wconf 91' lang='lat' dir='ltr'><strong>amantium</strong></span> <span class='ocrx_word' id='word_1_51' title='bbox 883 1432 952 1476; x_wconf 93' lang='lat' dir='ltr'><strong>non</strong></span> 
     </span>
     <span class='ocr_line' id='line_1_12' title="bbox 195 1512 954 1589; baseline 0.003 -18"><span class='ocrx_word' id='word_1_52' title='bbox 195 1512 417 1574; x_wconf 88' lang='lat' dir='ltr'><strong>condoluisset</strong></span> <span class='ocrx_word' id='word_1_53' title='bbox 439 1524 470 1574; x_wconf 92' lang='lat' dir='ltr'><strong>et</strong></span> <span class='ocrx_word' id='word_1_54' title='bbox 493 1513 654 1589; x_wconf 85' lang='lat' dir='ltr'><strong>flevisset,</strong></span> <span class='ocrx_word' id='word_1_55' title='bbox 682 1513 710 1573; x_wconf 92' lang='lat' dir='ltr'><strong>si</strong></span> <span class='ocrx_word' id='word_1_56' title='bbox 734 1513 817 1574; x_wconf 90' lang='lat' dir='ltr'><strong>iorte</strong></span> <span class='ocrx_word' id='word_1_57' title='bbox 838 1524 954 1574; x_wconf 87' lang='lat' dir='ltr'><strong>contra</strong></span> 
     </span>
     <span class='ocr_line' id='line_1_13' title="bbox 196 1610 951 1672; baseline 0.003 -4"><span class='ocrx_word' id='word_1_58' title='bbox 196 1610 454 1670; x_wconf 90' lang='lat' dir='ltr'><strong>amantissimum</strong></span> <span class='ocrx_word' id='word_1_59' title='bbox 493 1611 669 1672; x_wconf 90' lang='lat' dir='ltr'><strong>Dominum</strong></span> <span class='ocrx_word' id='word_1_60' title='bbox 707 1627 803 1671; x_wconf 92' lang='lat' dir='ltr'><strong>suum</strong></span> <span class='ocrx_word' id='word_1_61' title='bbox 840 1611 951 1671; x_wconf 92' lang='lat' dir='ltr'><strong>lesum</strong></span> 
     </span>
     <span class='ocr_line' id='line_1_14' title="bbox 196 1707 951 1785; baseline 0.004 -19"><span class='ocrx_word' id='word_1_62' title='bbox 196 1707 396 1767; x_wconf 86' lang='lat' dir='ltr'><strong>execrabiles</strong></span> <span class='ocrx_word' id='word_1_63' title='bbox 444 1708 551 1768; x_wconf 91' lang='lat' dir='ltr'><strong>crucis</strong></span> <span class='ocrx_word' id='word_1_64' title='bbox 594 1710 753 1769; x_wconf 92' lang='lat' dir='ltr'><strong>clamores</strong></span> <span class='ocrx_word' id='word_1_65' title='bbox 791 1708 951 1785; x_wconf 90' lang='lat' dir='ltr'><strong>geminari</strong></span> 
     </span>
     <span class='ocr_line' id='line_1_15' title="bbox 195 1804 950 1884; baseline 0.007 -21"><span class='ocrx_word' id='word_1_66' title='bbox 195 1804 356 1864; x_wconf 89' lang='lat' dir='ltr'><strong>audissetl</strong></span> <span class='ocrx_word' id='word_1_67' title='bbox 399 1804 547 1882; x_wconf 92' lang='lat' dir='ltr'><strong>Oquam</strong></span> <span class='ocrx_word' id='word_1_68' title='bbox 570 1805 716 1882; x_wconf 91' lang='lat' dir='ltr'><strong>lugubris</strong></span> <span class='ocrx_word' id='word_1_69' title='bbox 743 1825 822 1883; x_wconf 90' lang='lat' dir='ltr'><strong>vox,</strong></span> <span class='ocrx_word' id='word_1_70' title='bbox 850 1825 950 1884; x_wconf 87' lang='lat' dir='ltr'><strong>quarn</strong></span> 
     </span>
     <span class='ocr_line' id='line_1_16' title="bbox 162 1901 951 1980; baseline 0.005 -19"><span class='ocrx_word' id='word_1_71' title='bbox 162 1925 186 1968; x_wconf 61' lang='grc' dir='ltr'><strong>ιε</strong></span> <span class='ocrx_word' id='word_1_72' title='bbox 196 1901 435 1963; x_wconf 90' lang='lat' dir='ltr'><strong>maestissimus</strong></span> <span class='ocrx_word' id='word_1_73' title='bbox 446 1919 556 1962; x_wconf 92' lang='lat' dir='ltr'><strong>rumor</strong></span> <span class='ocrx_word' id='word_1_74' title='bbox 566 1912 643 1963; x_wconf 91' lang='lat' dir='ltr'><strong>tunc</strong></span> <span class='ocrx_word' id='word_1_75' title='bbox 653 1902 820 1980; x_wconf 91' lang='lat' dir='ltr'><strong>piissimae</strong></span> <span class='ocrx_word' id='word_1_76' title='bbox 836 1905 951 1966; x_wconf 89' lang='lat' dir='ltr'><strong>matris</strong></span> 
     </span>
     <span class='ocr_line' id='line_1_17' title="bbox 195 1991 951 2078; baseline 0.007 -20"><span class='ocrx_word' id='word_1_77' title='bbox 195 1999 330 2075; x_wconf 86' lang='lat' dir='ltr'><strong>virginis</strong></span> <span class='ocrx_word' id='word_1_78' title='bbox 366 2017 462 2060; x_wconf 92' lang='lat' dir='ltr'><strong>aures</strong></span> <span class='ocrx_word' id='word_1_79' title='bbox 492 2000 658 2078; x_wconf 91' lang='lat' dir='ltr'><strong>implevit,</strong></span> <span class='ocrx_word' id='word_1_80' title='bbox 693 2000 769 2061; x_wconf 95' lang='lat' dir='ltr'><strong>dum</strong></span> <span class='ocrx_word' id='word_1_81' title='bbox 806 1991 951 2064; x_wconf 87' lang='lat' dir='ltr'><strong>crudelis</strong></span> 
     </span>
     <span class='ocr_line' id='line_1_18' title="bbox 196 2097 951 2175; baseline 0.005 -19"><span class='ocrx_word' id='word_1_82' title='bbox 196 2097 358 2158; x_wconf 90' lang='lat' dir='ltr'><strong>sententia</strong></span> <span class='ocrx_word' id='word_1_83' title='bbox 387 2098 497 2175; x_wconf 94' lang='lat' dir='ltr'><strong>populi</strong></span> <span class='ocrx_word' id='word_1_84' title='bbox 533 2115 570 2157; x_wconf 90' lang='lat' dir='ltr'><strong>ac</strong></span> <span class='ocrx_word' id='word_1_85' title='bbox 605 2100 805 2159; x_wconf 89' lang='lat' dir='ltr'><strong>tumultuosa</strong></span> <span class='ocrx_word' id='word_1_86' title='bbox 840 2099 951 2161; x_wconf 91' lang='lat' dir='ltr'><strong>crucis</strong></span> 
     </span>
     <span class='ocr_line' id='line_1_19' title="bbox 195 2195 951 2271; baseline 0.005 -17"><span class='ocrx_word' id='word_1_87' title='bbox 195 2195 308 2271; x_wconf 91' lang='lat' dir='ltr'><strong>petitio</strong></span> <span class='ocrx_word' id='word_1_88' title='bbox 323 2212 380 2255; x_wconf 91' lang='lat' dir='ltr'><strong>ore</strong></span> <span class='ocrx_word' id='word_1_89' title='bbox 396 2205 586 2256; x_wconf 89' lang='lat' dir='ltr'><strong>cunctorum</strong></span> <span class='ocrx_word' id='word_1_90' title='bbox 602 2196 635 2257; x_wconf 96' lang='lat' dir='ltr'><strong>in</strong></span> <span class='ocrx_word' id='word_1_91' title='bbox 651 2197 750 2257; x_wconf 89' lang='lat' dir='ltr'><strong>altum</strong></span> <span class='ocrx_word' id='word_1_92' title='bbox 768 2197 951 2258; x_wconf 81' lang='lat' dir='ltr'><strong>ferebatur!</strong></span> 
     </span>
     <span class='ocr_line' id='line_1_20' title="bbox 237 2292 951 2371; baseline 0.006 -19"><span class='ocrx_word' id='word_1_93' title='bbox 237 2292 428 2369; x_wconf 90' lang='lat' dir='ltr'><strong>Ingemisce,</strong></span> <span class='ocrx_word' id='word_1_94' title='bbox 450 2294 566 2354; x_wconf 87' lang='lat' dir='ltr'><strong>devote</strong></span> <span class='ocrx_word' id='word_1_95' title='bbox 589 2295 662 2355; x_wconf 90' lang='lat' dir='ltr'><strong>lesu</strong></span> <span class='ocrx_word' id='word_1_96' title='bbox 685 2295 832 2371; x_wconf 87' lang='lat' dir='ltr'><strong>servule,</strong></span> <span class='ocrx_word' id='word_1_97' title='bbox 854 2296 951 2356; x_wconf 90' lang='lat' dir='ltr'><strong>etde</strong></span> 
     </span>
     <span class='ocr_line' id='line_1_21' title="bbox 159 2389 952 2472; baseline 0.005 -22"><span class='ocrx_word' id='word_1_98' title='bbox 159 2391 261 2458; x_wconf 64' lang='lat' dir='ltr'><strong>mimo</strong></span> <span class='ocrx_word' id='word_1_99' title='bbox 290 2390 431 2467; x_wconf 88' lang='lat' dir='ltr'><strong>pectoris</strong></span> <span class='ocrx_word' id='word_1_100' title='bbox 462 2389 507 2450; x_wconf 92' lang='lat' dir='ltr'><strong>tui</strong></span> <span class='ocrx_word' id='word_1_101' title='bbox 539 2407 656 2450; x_wconf 93' lang='lat' dir='ltr'><strong>arcano</strong></span> <span class='ocrx_word' id='word_1_102' title='bbox 688 2393 952 2472; x_wconf 90' lang='lat' dir='ltr'><strong>compunctionis</strong></span> 
     </span>
     <span class='ocr_line' id='line_1_22' title="bbox 195 2486 953 2564; baseline 0.005 -16"><span class='ocrx_word' id='word_1_103' title='bbox 195 2490 286 2549; x_wconf 89' lang='lat' dir='ltr'><strong>trahe</strong></span> <span class='ocrx_word' id='word_1_104' title='bbox 311 2487 470 2564; x_wconf 89' lang='lat' dir='ltr'><strong>spiritum.</strong></span> <span class='ocrx_word' id='word_1_105' title='bbox 514 2486 629 2562; x_wconf 89' lang='lat' dir='ltr'><strong>Disce,</strong></span> <span class='ocrx_word' id='word_1_106' title='bbox 659 2505 723 2564; x_wconf 93' lang='lat' dir='ltr'><strong>quo</strong></span> <span class='ocrx_word' id='word_1_107' title='bbox 752 2489 863 2550; x_wconf 89' lang='lat' dir='ltr'><strong>dolore</strong></span> <span class='ocrx_word' id='word_1_108' title='bbox 894 2508 953 2552; x_wconf 94' lang='lat' dir='ltr'><strong>cor</strong></span> 
     </span>
     <span class='ocr_line' id='line_1_23' title="bbox 197 2585 951 2664; baseline 0.001 -17"><span class='ocrx_word' id='word_1_109' title='bbox 197 2587 257 2647; x_wconf 90' lang='lat' dir='ltr'><strong>Dei</strong></span> <span class='ocrx_word' id='word_1_110' title='bbox 279 2587 455 2664; x_wconf 88' lang='lat' dir='ltr'><strong>genetricis</strong></span> <span class='ocrx_word' id='word_1_111' title='bbox 484 2585 683 2662; x_wconf 90' lang='lat' dir='ltr'><strong>concutitur,</strong></span> <span class='ocrx_word' id='word_1_112' title='bbox 713 2603 786 2646; x_wconf 94' lang='lat' dir='ltr'><strong>cum</strong></span> <span class='ocrx_word' id='word_1_113' title='bbox 816 2587 854 2647; x_wconf 96' lang='lat' dir='ltr'><strong>ad</strong></span> <span class='ocrx_word' id='word_1_114' title='bbox 884 2587 951 2648; x_wconf 90' lang='lat' dir='ltr'><strong>vile</strong></span> 
     </span>
     <span class='ocr_line' id='line_1_24' title="bbox 196 2682 950 2760; baseline 0.003 -16"><span class='ocrx_word' id='word_1_115' title='bbox 196 2685 302 2744; x_wconf 90' lang='lat' dir='ltr'><strong>crucis</strong></span> <span class='ocrx_word' id='word_1_116' title='bbox 325 2683 537 2760; x_wconf 92' lang='lat' dir='ltr'><strong>suspendium</strong></span> <span class='ocrx_word' id='word_1_117' title='bbox 556 2682 747 2744; x_wconf 92' lang='lat' dir='ltr'><strong>benedictus</strong></span> <span class='ocrx_word' id='word_1_118' title='bbox 768 2683 854 2744; x_wconf 88' lang='lat' dir='ltr'><strong>lilius</strong></span> <span class='ocrx_word' id='word_1_119' title='bbox 877 2685 950 2746; x_wconf 92' lang='lat' dir='ltr'><strong>eius</strong></span> 
     </span>
     <span class='ocr_line' id='line_1_25' title="bbox 195 2780 950 2858; baseline 0.001 -16"><span class='ocrx_word' id='word_1_120' title='bbox 195 2783 373 2858; x_wconf 91' lang='lat' dir='ltr'><strong>petebatur.</strong></span> <span class='ocrx_word' id='word_1_121' title='bbox 416 2781 506 2857; x_wconf 91' lang='lat' dir='ltr'><strong>lpse,</strong></span> <span class='ocrx_word' id='word_1_122' title='bbox 535 2780 589 2857; x_wconf 93' lang='lat' dir='ltr'><strong>qui</strong></span> <span class='ocrx_word' id='word_1_123' title='bbox 617 2781 780 2858; x_wconf 90' lang='lat' dir='ltr'><strong>angelicas</strong></span> <span class='ocrx_word' id='word_1_124' title='bbox 802 2782 835 2841; x_wconf 97' lang='lat' dir='ltr'><strong>in</strong></span> <span class='ocrx_word' id='word_1_125' title='bbox 858 2783 950 2843; x_wconf 90' lang='lat' dir='ltr'><strong>caelo</strong></span> 
     </span>
     <span class='ocr_line' id='line_1_26' title="bbox 158 2878 949 2956; baseline 0.003 -18"><span class='ocrx_word' id='word_1_126' title='bbox 158 2895 294 2939; x_wconf 79' lang='lat' dir='ltr'><strong>asvoces</strong></span> <span class='ocrx_word' id='word_1_127' title='bbox 323 2895 454 2954; x_wconf 89' lang='lat' dir='ltr'><strong>semper</strong></span> <span class='ocrx_word' id='word_1_128' title='bbox 481 2878 569 2938; x_wconf 93' lang='lat' dir='ltr'><strong>audit</strong></span> <span class='ocrx_word' id='word_1_129' title='bbox 598 2896 769 2940; x_wconf 90' lang='lat' dir='ltr'><strong>resonare:</strong></span> <span class='ocrx_word' id='word_1_130' title='bbox 799 2879 949 2956; x_wconf 91' lang='lat' dir='ltr'><strong>Sanctus,</strong></span> 
     </span>
     <span class='ocr_line' id='line_1_27' title="bbox 195 2977 950 3052; baseline 0.001 -16"><span class='ocrx_word' id='word_1_131' title='bbox 195 2985 343 3052; x_wconf 89' lang='lat' dir='ltr'><strong>sanctus,</strong></span> <span class='ocrx_word' id='word_1_132' title='bbox 379 2985 530 3050; x_wconf 91' lang='lat' dir='ltr'><strong>sanctus,</strong></span> <span class='ocrx_word' id='word_1_133' title='bbox 561 2993 647 3036; x_wconf 93' lang='lat' dir='ltr'><strong>nunc</strong></span> <span class='ocrx_word' id='word_1_134' title='bbox 678 2977 867 3037; x_wconf 89' lang='lat' dir='ltr'><strong>maledictas</strong></span> <span class='ocrx_word' id='word_1_135' title='bbox 900 2978 950 3037; x_wconf 94' lang='lat' dir='ltr'><strong>lu·</strong></span> 
     </span>
     <span class='ocr_line' id='line_1_28' title="bbox 195 3073 948 3151; baseline 0.003 -17"><span class='ocrx_word' id='word_1_136' title='bbox 195 3074 348 3134; x_wconf 94' lang='lat' dir='ltr'><strong>daeorum</strong></span> <span class='ocrx_word' id='word_1_137' title='bbox 372 3073 498 3151; x_wconf 88' lang='lat' dir='ltr'><strong>linguas</strong></span> <span class='ocrx_word' id='word_1_138' title='bbox 520 3074 667 3134; x_wconf 89' lang='lat' dir='ltr'><strong>intonare</strong></span> <span class='ocrx_word' id='word_1_139' title='bbox 687 3075 775 3135; x_wconf 89' lang='lat' dir='ltr'><strong>audit</strong></span> <span class='ocrx_word' id='word_1_140' title='bbox 790 3077 871 3136; x_wconf 89' lang='lat' dir='ltr'><strong>haec</strong></span> <span class='ocrx_word' id='word_1_141' title='bbox 887 3076 948 3136; x_wconf 89' lang='lat' dir='ltr'><strong>sibi</strong></span> 
     </span>
     <span class='ocr_line' id='line_1_29' title="bbox 195 3171 947 3250; baseline 0 -16"><span class='ocrx_word' id='word_1_142' title='bbox 195 3174 427 3234; x_wconf 93' lang='lat' dir='ltr'><strong>acclamantes:</strong></span> <span class='ocrx_word' id='word_1_143' title='bbox 443 3171 543 3248; x_wconf 88' lang='lat' dir='ltr'><strong>Tolle,</strong></span> <span class='ocrx_word' id='word_1_144' title='bbox 554 3174 641 3248; x_wconf 88' lang='lat' dir='ltr'><strong>tolle,</strong></span> <span class='ocrx_word' id='word_1_145' title='bbox 653 3172 815 3250; x_wconf 78' lang='lat' dir='ltr'><strong>crucifige.</strong></span> <span class='ocrx_word' id='word_1_146' title='bbox 839 3173 947 3250; x_wconf 91' lang='lat' dir='ltr'><strong>Quem</strong></span> 
     </span>
     <span class='ocr_line' id='line_1_30' title="bbox 106 3270 949 3350; baseline 0 -19"><span class='ocrx_word' id='word_1_147' title='bbox 106 3293 107 3296; x_wconf 42' lang='lat'>¹</span> <span class='ocrx_word' id='word_1_148' title='bbox 194 3272 290 3349; x_wconf 90' lang='lat' dir='ltr'><strong>paulo</strong></span> <span class='ocrx_word' id='word_1_149' title='bbox 312 3280 386 3331; x_wconf 91' lang='lat' dir='ltr'><strong>ante</strong></span> <span class='ocrx_word' id='word_1_150' title='bbox 403 3271 436 3330; x_wconf 96' lang='lat' dir='ltr'><strong>in</strong></span> <span class='ocrx_word' id='word_1_151' title='bbox 452 3270 536 3350; x_wconf 82' lang='lat' dir='ltr'><strong>festo</strong></span> <span class='ocrx_word' id='word_1_152' title='bbox 552 3270 730 3347; x_wconf 92' lang='lat' dir='ltr'><strong>palmarum</strong></span> <span class='ocrx_word' id='word_1_153' title='bbox 747 3271 839 3347; x_wconf 88' lang='lat' dir='ltr'><strong>pueri</strong></span> <span class='ocrx_word' id='word_1_154' title='bbox 855 3271 949 3332; x_wconf 89' lang='lat' dir='ltr'><strong>laetis</strong></span> 
     </span>
     <span class='ocr_line' id='line_1_31' title="bbox 157 3368 949 3444; baseline -0.001 -15"><span class='ocrx_word' id='word_1_155' title='bbox 157 3368 331 3436; x_wconf 67' lang='lat' dir='ltr'><strong>novocibus</strong></span> <span class='ocrx_word' id='word_1_156' title='bbox 353 3368 499 3429; x_wconf 93' lang='lat' dir='ltr'><strong>canendo</strong></span> <span class='ocrx_word' id='word_1_157' title='bbox 521 3368 748 3444; x_wconf 88' lang='lat' dir='ltr'><strong>laudaverunt,</strong></span> <span class='ocrx_word' id='word_1_158' title='bbox 770 3385 858 3429; x_wconf 90' lang='lat' dir='ltr'><strong>nunc</strong></span> <span class='ocrx_word' id='word_1_159' title='bbox 879 3385 949 3428; x_wconf 92' lang='lat' dir='ltr'><strong>mu·</strong></span> 
     </span>
    </p>
   </div>
   <div class='ocr_carea' id='block_1_3' title="bbox 195 3466 948 3614">
    <p class='ocr_par' dir='ltr' id='par_1_5' title="bbox 195 3466 948 3614">
     <span class='ocr_line' id='line_1_32' title="bbox 195 3466 948 3544; baseline 0.001 -18"><span class='ocrx_word' id='word_1_160' title='bbox 195 3475 259 3526; x_wconf 91' lang='lat' dir='ltr'><strong>tato</strong></span> <span class='ocrx_word' id='word_1_161' title='bbox 275 3466 388 3527; x_wconf 91' lang='lat' dir='ltr'><strong>ordine</strong></span> <span class='ocrx_word' id='word_1_162' title='bbox 404 3467 520 3527; x_wconf 89' lang='lat' dir='ltr'><strong>horum</strong></span> <span class='ocrx_word' id='word_1_163' title='bbox 536 3476 687 3544; x_wconf 91' lang='lat' dir='ltr'><strong>parentes</strong></span> <span class='ocrx_word' id='word_1_164' title='bbox 702 3484 824 3528; x_wconf 89' lang='lat' dir='ltr'><strong>vesana</strong></span> <span class='ocrx_word' id='word_1_165' title='bbox 839 3476 948 3527; x_wconf 91' lang='lat' dir='ltr'><strong>mente</strong></span> 
     </span>
     <span class='ocr_line' id='line_1_33' title="bbox 558 3571 584 3614; baseline 0 0"><span class='ocrx_word' id='word_1_166' title='bbox 558 3571 584 3614; x_wconf 83' lang='lat' dir='ltr'><strong>ao</strong></span> 
     </span>
    </p>
   </div>
   <div class='ocr_carea' id='block_1_4' title="bbox 0 0 1080 4174">
    <p class='ocr_par' dir='ltr' id='par_1_6' title="bbox 0 0 1080 4174">
     <span class='ocr_line' id='line_1_34' title="bbox 0 0 1080 4174; baseline 0 1"><span class='ocrx_word' id='word_1_167' title='bbox 0 0 1080 4174; x_wconf 95' lang='lat' dir='ltr'><strong> </strong></span> 
     </span>
    </p>
   </div>
  </div>
 </body>
</html>
