2118 4180
259 402 603 512 Qiffln
615 457 634 509 ι,
645 456 677 499 10.
692 399 1000 510 atatam

253 601 255 608 '
435 587 707 666 [CAPITVLVM
731 588 828 665 XVI.]

265 722 312 782 De
331 725 445 782 sancta
466 726 498 782 et
518 721 644 782 occulto
664 721 732 780 vita
754 721 886 781 humilis
907 721 986 781 lesu.

252 825 499 1047 &medico
518 892 550 943 et
567 881 686 959 gratias
703 899 762 958 ago
777 881 845 957 tibi,
866 883 1004 943 Domine

382 982 457 1042 lesu
480 980 629 1055 Christe,
650 997 708 1056 pro
731 981 1005 1041 excellentissima

226 1079 419 1140 ssanctitate
437 1077 697 1139 conversationis
711 1086 796 1154 tuae,
818 1096 914 1155 quam
931 1097 1003 1139 cum
1049 1141 1050 1148 ,

249 1177 438 1252 parentibus
453 1175 486 1234 in
498 1174 660 1235 Nazareth
672 1174 727 1235 diu
742 1184 869 1236 secrete
885 1176 1003 1237 duxisti

248 1274 288 1334 ab
309 1291 394 1334 anno
416 1272 609 1333 duodecimo
627 1288 732 1348 usque
747 1272 786 1332 ad
801 1272 1002 1333 tricesimum

248 1371 362 1432 aetatis
383 1380 458 1431 tuae
473 1387 593 1430 annum
610 1386 684 1430 curn
700 1367 824 1429 eisdem
840 1370 874 1430 in
889 1387 1003 1448 magna

236 1478 455 1544 paupertate,
499 1466 681 1527 humilitate
724 1476 755 1527 et
799 1467 1002 1528 subiectione

213 1577 238 1618 ιο
248 1565 433 1626 victitando.

288 1663 396 1723 Laudo
412 1672 444 1722 et
459 1661 564 1722 exalto
579 1670 611 1721 te
626 1659 749 1737 ingenti
761 1659 869 1719 cordis
883 1660 1003 1722 affectu
1049 1709 1050 1738 ,

246 1778 304 1836 pro
333 1760 515 1821 humillima
542 1768 598 1819 tua
625 1759 803 1819 latitatione
834 1758 920 1819 inter
948 1762 1003 1820 ho·

245 1857 352 1919 mines
381 1868 412 1919 et
441 1858 595 1919 concives
623 1867 715 1934 tuos,
743 1857 830 1934 quod
858 1866 890 1917 te
921 1857 1002 1918 labri

246 1955 347 2015 lilium
379 1954 540 2015 nominari
572 1954 722 2031 dignatus
753 1971 790 2015 es
820 1953 942 2030 pariter
973 1965 1003 2015 et

211 2073 235 2114 ιε
244 2052 348 2128 putari
371 2069 432 2113 nec
454 2051 584 2128 aliquod
607 2051 785 2113 divinitatis
811 2052 941 2129 signum
965 2053 1002 2114 ad

242 2159 330 2210 tuam
373 2150 525 2211 deitatem
568 2150 828 2226 cognoscendam
870 2151 1002 2227 publice

243 2246 425 2308 ostendisti.
962 2323 970 2333 ἱ

283 2343 312 2405 O
349 2343 515 2404 humilitas
549 2341 694 2421 Christi,
732 2356 888 2423 quantum
925 2365 1002 2407 con-

242 2441 352 2502 lundis
374 2441 559 2517 superbiam
579 2441 731 2502 vanitatis
746 2459 839 2502 meae
855 2452 887 2503 et
902 2459 999 2519 quarn

204 2538 349 2598 aolucido
377 2538 526 2614 exemplo
555 2554 608 2598 me
630 2539 787 2599 admones
810 2539 923 2616 lugere
947 2558 1000 2617 ap-

240 2635 418 2712 parentiam
454 2638 649 2712 humanam,
686 2637 851 2698 declinare
887 2639 1000 2699 turbas

240 2732 466 2808 saecularium,
477 2733 597 2809 eligere
609 2734 736 2795 occulte
747 2734 870 2811 vivere,
885 2745 999 2812 optare

239 2831 299 2891 soli
332 2832 403 2890 Deo
438 2830 665 2908 innotescere,
700 2849 811 2892 curam
848 2834 999 2910 propriae

237 2928 353 2989 salutis
381 2945 458 3004 prae
487 2929 639 2990 omnibus
667 2947 763 3006 agere
792 2949 854 2991 nec
878 2932 918 2991 ad
942 2934 999 2993 ho·

201 3027 361 3094 25minum
380 3035 532 3101 aspectus
547 3027 783 3088 aedificationis
797 3029 900 3105 gratia
922 3031 999 3090 sub-

237 3123 282 3184 ito
310 3124 505 3200 procedere,
533 3124 592 3184 sed
620 3125 729 3200 potius
751 3128 887 3188 verbum
911 3127 999 3189 vitae

236 3221 381 3298 diligenti
404 3222 479 3282 nisu
501 3222 687 3298 observare,
710 3223 814 3283 donec
829 3224 869 3283 ad
885 3223 998 3284 fructi-

236 3317 397 3378 licandum
420 3319 556 3379 caelitus
579 3319 677 3380 luerit
701 3320 879 3380 admonitio
902 3321 996 3383 lacta.

274 3412 418 3492 Adiuva,
449 3416 554 3476 dulcis
586 3417 678 3492 Iesu,
712 3417 797 3477 bone
828 3418 994 3495 magister,

199 3511 442 3574 aoabsconditae
465 3513 550 3573 vitae
579 3522 654 3574 tuae
684 3514 821 3575 formam
850 3514 999 3591 vigilanti

601 3619 629 3659 34
1049 3617 1050 3626 ,
