2194 4180
285 554 393 613 Laudo
409 562 441 613 et
452 551 622 629 magnifice
638 553 831 612 commendo
847 561 993 612 sanctum
1089 531 1090 542 ἵ

243 651 334 711 illum
371 649 533 710 fervorem
577 658 762 709 sanctarum
801 649 994 710 feminarum

242 750 467 826 nobiliumque
478 748 682 809 dominarum
698 747 924 825 quaerentium
940 747 996 806 ite·
1089 801 1090 814 ζ

244 864 315 907 rum
327 846 571 907 sanctissimum
587 862 707 922 corpus
721 855 813 906 tuum
829 844 996 922 inungere,
1085 823 1090 841 ⁴

220 946 319 1023 squia
349 955 413 1005 tam
449 961 561 1019 mane,
597 960 670 1003 cum
707 944 812 1003 adhuc
843 943 996 1003 tenebrae

243 1052 366 1117 essent,
376 1041 449 1101 aliis
461 1041 544 1102 forte
555 1041 793 1101 dormientibus
805 1039 997 1101 festinanter

243 1149 456 1200 surrexerunt
477 1148 509 1198 et
531 1137 651 1215 pariter
672 1138 770 1214 ibant,
792 1137 877 1197 sicut
898 1139 996 1197 hone-

243 1237 326 1298 stius
355 1246 387 1297 et
416 1237 576 1298 secretius
604 1245 769 1313 poterant,
799 1252 916 1296 versus
947 1252 996 1296 se·

243 1335 415 1411 pulchrum
439 1344 606 1411 portantes
629 1343 781 1408 aromata,
802 1349 886 1409 quae
907 1349 996 1408 para-

208 1441 357 1498 10verant
379 1431 418 1490 ad
441 1433 638 1509 ungendum.
682 1431 875 1508 Oquantus
906 1430 997 1489 dolor
1082 1417 1090 1466 Ὺ

243 1529 276 1589 in
299 1529 409 1605 corde,
439 1540 581 1606 quantus
602 1530 710 1590 luctus
733 1529 766 1589 in
789 1528 893 1588 oculis
915 1529 997 1588 orie-

242 1627 352 1703 batur,
374 1645 448 1688 cum
470 1627 504 1686 in
526 1627 579 1687 via
597 1626 686 1686 iuxta
707 1627 815 1686 locum
838 1625 997 1686 calvariae

242 1725 418 1785 transirent
440 1735 472 1786 et
492 1740 622 1784 crucem
638 1723 832 1800 aspicerent,
854 1733 908 1783 aut
923 1739 997 1782 curn
1089 1734 1090 1742 ¹

243 1823 380 1900 vestigia
395 1821 559 1899 passionis
574 1805 813 1881 tuae'notarent
835 1829 867 1880 et
888 1820 1000 1880 omnia

209 1946 233 1986 ιε
243 1921 379 1981 vulnera
400 1930 454 1980 tua
475 1927 660 1996 pensarent.
703 1917 732 1979 O
763 1928 882 1995 quanta
910 1919 1000 1979 solli-

242 2016 352 2076 citudo
374 2033 430 2076 eas
452 2016 586 2093 urgebat
608 2025 640 2076 et
661 2015 822 2076 lacrimari
850 2015 1001 2091 faciebat,

243 2133 316 2176 cum
334 2125 582 2175 monumentum
599 2114 748 2175 viderent
763 2123 795 2174 et
813 2113 999 2174 adinvicem

243 2215 416 2290 loquentes
437 2211 601 2272 dicerent:
626 2211 711 2288 Quis
733 2212 880 2272 revolvet
902 2211 1001 2271 nobis

243 2311 381 2387 lapidem
404 2309 443 2369 ab
465 2309 549 2369 ostio
572 2308 803 2369 monumenti?
845 2307 916 2368 Nec
939 2308 1001 2369 mi·

205 2423 325 2481 eorum,
347 2406 374 2466 si
398 2406 574 2483 plorabant.
618 2405 771 2466 Sciebant
798 2405 885 2465 enim
908 2422 1002 2480 vere,
1089 2473 1090 2480 χ

242 2503 318 2579 quia
339 2513 403 2564 tam
425 2502 580 2579 grandem
603 2501 743 2578 lapidem
764 2520 830 2563 non
848 2513 1002 2581 poterant

242 2602 312 2661 suis
323 2601 662 2676 viribusasepulchro
674 2618 854 2661 removere.
885 2600 1002 2662 Timor

242 2714 318 2774 ergo
334 2697 468 2773 cogebat
484 2697 649 2774 recedere,
670 2699 728 2758 sed
739 2699 1001 2760 amorsuadebat

242 2795 325 2854 ultra
353 2795 531 2871 procedere
559 2812 620 2855 nec
647 2796 785 2856 militum
815 2796 999 2856 custodiam

205 2891 367 2955 astimere.
414 2890 443 2952 O
476 2891 503 2951 si
537 2892 654 2952 Petrus
685 2902 717 2952 et
748 2893 911 2953 lohannes
943 2892 1000 2952 hic

242 2997 364 3063 essent,
385 2989 581 3063 sperandum
604 2987 728 3065 utique,
749 2988 836 3066 quod
857 2987 1002 3048 libenter

241 3101 302 3144 nos
333 3085 532 3146 adiuvarent.
576 3086 651 3146 Erat
679 3087 800 3163 quippe
829 3085 912 3162 lapis
941 3085 1000 3145 ille

242 3199 379 3259 magnus
407 3183 518 3258 valde,
548 3184 635 3260 quod
666 3184 780 3244 decem
811 3184 913 3245 fortes
935 3183 1001 3244 viri

241 3280 295 3339 vix
318 3290 452 3357 possent
473 3299 548 3340 eum
566 3298 746 3342 removere.
789 3282 854 3344 Sed
877 3282 1002 3343 melius

205 3389 302 3453 mest,
324 3394 342 3437 o
359 3379 462 3438 bonae
478 3377 630 3454 feminae,
652 3380 738 3456 quod
754 3379 891 3456 apostoli
908 3379 1001 3440 domi

242 3487 393 3536 maneant
415 3487 447 3536 et
468 3477 588 3537 lateant
610 3487 650 3538 et·
663 3495 721 3554 pro
743 3478 836 3538 vobis
864 3479 1002 3540 interim
1083 3467 1090 3518 ⁴*

596 3582 638 3624 aas
