2194 4180
227 585 428 652 presserunt.
481 576 588 653 Quam
625 576 757 635 veloces
794 573 868 634 lacti
905 583 980 634 sunt

227 675 329 751 pedes
350 675 389 734 ad
411 674 653 748 ambulandum,
676 689 773 749 quam
796 673 921 732 alacres
942 672 980 731 ad

228 771 436 846 currendum,
457 787 554 847 quam
577 779 727 846 prompta
747 769 844 829 corda
866 770 906 830 ad
928 770 981 829 ob·

228 869 442 944 oediendum‚
470 885 566 944 quam
589 867 673 927 laeta
694 884 751 926 ora
772 867 811 926 ad
832 867 981 927 nuntian-

205 967 303 1029 sdum
327 965 514 1041 discipuli8‚
542 963 618 1041 quia
647 964 788 1024 surrexit
810 964 981 1026 Dominus.

229 1063 416 1124 Secundum
439 1062 680 1123 multitudinem
703 1062 851 1122 dolorum
874 1062 907 1122 in
929 1062 981 1123 die

229 1178 423 1238 parasceues
451 1161 522 1220 visa
549 1161 624 1220 Iesu
646 1159 864 1236 ignominiosa
885 1176 982 1219 cruce

228 1257 332 1319 crevit
366 1257 553 1334 magnitudo
588 1257 780 1334 gaudiorum
823 1256 856 1317 in
898 1256 982 1317 lesto

228 1357 368 1432 paschae
379 1355 487 1415 audita
496 1355 638 1432 gloriosa
649 1355 721 1414 eius
732 1354 983 1416 resurrectione.

195 1455 370 1517 roVersum
402 1461 453 1512 est
483 1451 693 1529 opprobrium
726 1451 920 1512 Iudaeorum
949 1452 982 1513 in

230 1550 406 1610 maximum
422 1549 575 1626 gaudium
591 1549 823 1625 apostolorum,
845 1558 877 1609 et
892 1567 984 1610 scan-

230 1649 338 1708 dalum
361 1647 470 1707 crucis
491 1647 524 1707 in
548 1647 729 1707 remedium
754 1658 906 1708 aeternae
935 1665 985 1707 sa·

230 1745 316 1805 lutis,
360 1744 551 1805 Conversae
573 1754 650 1805 sunt
677 1744 829 1804 lacrimae
858 1754 986 1804 sancto·

231 1859 302 1903 rum
325 1841 358 1902 in
388 1841 549 1902 canticum
573 1842 779 1918 angelorum,
810 1850 842 1902 et
872 1843 983 1919 plagae

196 1965 221 2007 15
231 1940 432 2016 flagellorum
455 1948 488 1999 et
509 1940 675 1999 clavorum
698 1938 731 1998 in
754 1938 982 1999 remissionem

230 2047 437 2113 peccatorum
459 2046 656 2097 nostrorum.

271 2133 300 2195 O
317 2133 507 2193 dulcissime
520 2133 595 2194 lesu
607 2132 752 2209 Christe,
767 2132 872 2194 excita
886 2132 983 2193 etiam

231 2250 288 2292 cor
308 2248 417 2292 meum
440 2230 473 2290 in
489 2247 632 2290 amorem
650 2230 752 2290 sancti
775 2240 807 2291 et
821 2229 984 2291 benedicti

230 2328 373 2389 nominis
388 2327 434 2388 tui
450 2313 551 2403 super
566 2345 682 2388 omnes
697 2339 828 2388 sanctos
845 2327 879 2386 in
895 2327 985 2387 caelo

195 2437 263 2487 roet
284 2426 318 2486 in
340 2435 427 2486 terra
447 2425 486 2484 ad
507 2425 754 2485 memorandum
777 2434 809 2486 et
828 2441 987 2501 quaeren-

232 2525 307 2584 dum
330 2533 361 2584 te
384 2522 472 2583 omni
495 2539 590 2582 mane
612 2522 755 2582 diluculo
784 2540 858 2583 cunr
881 2522 988 2584 Maria
1086 2519 1087 2564 l

233 2621 425 2697 Magdalena
455 2629 487 2680 et
518 2619 685 2680 sodalibus
715 2619 788 2680 eius
815 2620 849 2680 in
877 2619 987 2680 cordis

233 2718 295 2779 mei
319 2719 511 2794 sepulchro,
539 2717 579 2777 ad
607 2716 812 2778 moriendum
841 2717 988 2793 perfecte

233 2815 308 2875 huic
331 2816 462 2876 saeculo
485 2825 517 2875 et
532 2814 774 2876 adhaerendum
789 2814 847 2875 tibi
870 2815 989 2875 devote

196 2912 265 2977 rsin
289 2912 419 2972 silentio
441 2922 473 2973 et
495 2911 652 2972 orationis
674 2921 811 2972 secreto.
842 2913 989 2973 Remove

233 3028 251 3069 a
272 3027 325 3070 me
348 3009 455 3070 cordis
474 3009 637 3085 duritiam,
659 3010 806 3086 corporis
825 3009 987 3087 pigritiam

234 3110 469 3184 oculorumque
518 3107 781 3168 somnolentiam.
849 3107 989 3168 infunde

233 3205 495 3282 compunctionis
517 3204 669 3282 gratiam,
700 3221 782 3282 auge
804 3205 990 3265 devotionis

234 3303 388 3363 laetitiam
410 3303 450 3362 ad
473 3301 575 3362 sancti
604 3301 749 3361 nominis
777 3301 824 3361 tui
852 3301 988 3378 gloriam

197 3400 267 3466 aoin
289 3403 349 3461 hac
375 3417 468 3460 sacra
496 3399 715 3460 sollemnitate
745 3399 875 3476 dignius
905 3399 989 3460 cele-

233 3498 397 3558 brandam.
454 3496 592 3572 Suscipe
628 3495 787 3572 primitias
829 3497 989 3558 labiorum

587 3602 629 3644 aaa
