2118 4180
233 675 505 754 [cnrlrvnvn
529 675 675 752 xvim]

127 818 178 878 De
197 823 312 878 sancta
330 818 574 894 praedicatione
593 822 628 878 et
646 817 785 878 salutari

329 933 477 993 doctrina
497 932 577 992 Iesu.

72 1044 326 1266 &medico
348 1110 381 1161 et
394 1100 513 1178 gratias
527 1118 587 1178 ago
602 1100 670 1176 tibi,
693 1100 833 1160 Domine

208 1200 284 1261 Iesu
297 1199 442 1275 Christe,
456 1208 567 1275 pastor
580 1199 665 1259 bone
676 1208 707 1259 et
722 1206 856 1261 custoss

70 1297 184 1357 ovium
207 1305 336 1357 tuarum
359 1295 567 1372 fidelissime,
589 1313 646 1372 pro
669 1295 835 1356 caritativa

70 1393 295 1455 sollicitudine
317 1411 376 1469 pro
398 1393 578 1454 animarum
601 1394 705 1454 salute
727 1403 759 1454 et
775 1411 834 1470 pro

70 1491 199 1553 ardenti
229 1489 393 1550 desiderio
424 1489 669 1567 evangelizandi
697 1490 833 1550 verbum

72 1589 136 1650 Dei
159 1589 194 1648 in
216 1588 348 1664 populo,
369 1587 424 1665 qui
447 1597 521 1663 post
542 1587 664 1648 exitum
684 1596 776 1648 tuum
794 1588 834 1647 de

71 1689 206 1748 deserto
234 1684 355 1746 venisti
384 1702 519 1762 regnum
549 1685 713 1747 caelorum
744 1701 835 1761 prae·
846 1711 870 1752 10

73 1787 184 1847 dicare
199 1800 238 1843 ac
252 1783 329 1843 tuba
343 1782 476 1866 salutari
491 1799 550 1859 per
568 1791 667 1844 totam
684 1783 834 1844 Iudaeam

72 1881 258 1957 intonuisti,
273 1889 308 1940 ut
323 1897 439 1943 omnes
449 1880 680 1957 paenitentiam
693 1889 836 1958 agerent,

72 1981 174 2042 vitam
203 1977 317 2038 mundi
349 1987 597 2039 contemnerent
625 1988 657 2039 et
683 1977 836 2039 caelestia

73 2078 161 2138 bona
189 2076 358 2154 requirere
387 2075 589 2137 festinarent.
631 2076 689 2136 Eia
717 2075 836 2137 dulcis·

73 2178 159 2239 sime
182 2178 276 2254 lesu,
304 2194 400 2254 quarn
423 2176 569 2253 diligenti
591 2193 669 2236 cura
690 2173 834 2236 circuisti
846 2201 872 2242 15

73 2276 167 2336 vicos
193 2285 226 2336 et
247 2276 387 2352 plateae,
416 2273 534 2350 oppida
563 2283 595 2335 et
623 2272 772 2346 castella,
800 2279 836 2332 ut

74 2382 266 2448 peccatores
294 2381 522 2447 converteres,
553 2370 710 2431 contritos
738 2369 835 2429 corde

75 2486 211 2530 sanares
240 2487 277 2529 ac
298 2486 377 2530 vere
399 2468 641 2545 paenitentibus
667 2467 835 2544 indulgen·

75 2567 152 2627 tiam
176 2567 356 2628 conferres

116 2673 227 2733 Laudo
243 2682 275 2733 et
285 2672 431 2750 glorifico
446 2682 478 2733 te
494 2688 535 2731 ex
549 2671 626 2732 totis
636 2670 872 2748 praecordiisao

76 2771 160 2832 meis
186 2788 245 2847 pro
270 2770 428 2831 melliflua
454 2769 600 2830 doctrina
627 2779 745 2830 tuaac
774 2769 837 2829 ier·

77 2867 150 2928 vida
178 2867 420 2944 praedicatione
446 2885 506 2944 per
532 2876 631 2929 totam
655 2867 835 2941 Galilaeam

78 2974 173 3042 atque
197 2965 349 3026 Iudaeam
372 2965 492 3025 diffusa
519 2982 581 3025 nec
609 2982 675 3025 non
701 2981 759 3041 pro
789 2964 837 3023 in-

79 3061 152 3122 clita
174 3062 260 3123 fama
281 3071 336 3122 tua
358 3063 397 3123 ad
419 3072 547 3123 exteras
569 3062 718 3123 nationes
739 3061 835 3137 longe

78 3159 207 3235 lateque
229 3157 402 3236 divulgata.
845 3170 873 3212 25

117 3265 297 3326 Benedicta
306 3263 509 3326 sanctalabia
518 3274 573 3325 tua
582 3263 757 3341 linguaque
767 3281 837 3341 gra-

79 3362 213 3440 tissima,
231 3363 351 3440 quibus
365 3362 486 3423 totiens
501 3363 653 3424 caelestis
667 3362 753 3425 vitae
768 3363 837 3423 dul-

81 3460 226 3522 cedinem
247 3458 439 3536 expressisti
463 3468 496 3519 et
515 3469 667 3520 aeternae
690 3459 837 3522 veritatis

83 3557 259 3619 sententias
289 3557 463 3620 insinuasti
494 3568 591 3635 atque
623 3557 681 3618 toti
715 3558 836 3620 mundo

445 3663 473 3704 aa
