2194 4180
258 360 1001 470 Qffismofflffi

251 549 356 626 spinis
387 549 527 609 obsitum
558 549 655 609 basse
683 549 859 609 inclinatur
888 565 1005 608 versus

250 657 365 724 pectus
379 655 552 722 sacratum,
573 663 635 707 nec
652 647 718 706 ulla
739 646 802 706 iam
818 655 950 723 apparet
971 646 1003 706 in

251 761 290 804 eo
312 745 411 805 motio
433 743 550 805 vitalis.
592 743 689 806 Oculi
719 744 791 804 eius
816 744 862 804 nil
883 744 1004 820 vident,

251 842 345 902 cuius
366 841 451 901 visui
482 843 608 902 nullum
636 851 743 918 potest
771 842 927 903 abscondi
955 858 1005 902 se·

227 950 386 1002 scretum.
436 939 545 1001 Aures
580 941 652 1001 eius
682 941 727 1001 nil
764 941 915 1016 audiunt,
950 940 1002 1017 qui

250 1039 359 1098 omnia
369 1039 440 1116 scit,
455 1049 629 1117 antequam
646 1040 732 1100 iiam.
757 1039 831 1100 Non
843 1039 1003 1112 odoratur,

250 1135 304 1212 qui
330 1136 464 1197 floribus
492 1144 634 1212 praestat
663 1135 773 1195 odoris
800 1136 1002 1196 suavitatem.

251 1233 395 1294 Perdidit
408 1242 550 1310 gustum,
572 1233 626 1310 qui
650 1233 802 1293 omnibus
817 1233 1002 1294 viventibus

249 1331 347 1392 vitam
382 1333 515 1408 praebet
551 1341 582 1392 et
613 1349 733 1391 escam.
785 1331 859 1391 Non
895 1341 1002 1392 movet

214 1429 342 1505 rolabia,
363 1429 418 1506 qui
441 1438 604 1489 mutorum
632 1429 735 1505 aperit
764 1445 829 1488 ora.
869 1428 1001 1490 Nullum

249 1527 392 1604 loquitur
426 1527 580 1602 verbum,
615 1526 670 1603 qui
707 1527 873 1586 hominem
910 1527 1003 1586 docet

248 1624 429 1685 scientiam.
472 1624 605 1702 Lingua,
627 1641 710 1701 quae
732 1640 864 1700 semper
879 1634 1001 1685 rectum

248 1722 462 1798 praedicabat,
473 1721 559 1782 inter
570 1721 683 1781 iauccs
693 1721 870 1781 immobilis
881 1723 1001 1781 haeret.

249 1819 362 1880 Facies
396 1819 558 1896 quondam
602 1820 672 1879 sole
714 1819 831 1879 clarior
874 1819 1001 1879 letiiero

214 1918 369 1994 15pallore
400 1919 535 1977 velatur.
586 1917 702 1978 Genae
733 1917 888 1993 pulchrae
919 1917 1001 1976 sicut
1067 1903 1071 1990 i

247 2013 383 2074 turturis
404 2015 548 2092 speciem
565 2015 745 2075 amiserunt
766 2015 904 2075 decoris.
934 2015 1001 2075 Ma·
1068 1999 1071 2022 '

247 2130 320 2188 nus,
342 2130 425 2190 quae
443 2115 552 2174 caelos
568 2113 794 2190 extenderunt,
815 2113 917 2173 clavis
931 2129 1001 2190 per-

248 2209 394 2271 forantur
418 2211 617 2287 asperrimis.
661 2211 780 2272 Genua
808 2210 941 2287 saepius
968 2209 999 2268 in

246 2307 447 2368 orationibus
459 2308 542 2368 flexa
556 2308 686 2385 stupida
700 2308 843 2385 pendent
858 2317 891 2367 et
905 2307 998 2367 nuda.
1066 2371 1067 2387 χ

209 2405 364 2481 aoCrura,
385 2422 468 2482 quae
491 2405 590 2466 totius
612 2406 758 2482 corporis
773 2406 893 2466 molem
913 2405 1000 2465 velut

247 2503 417 2562 columnae
440 2520 641 2563 marmoreae
658 2503 814 2579 ferebant,
836 2520 855 2562 a
877 2502 1000 2563 iortitu·
1064 2519 1065 2542 ¹

247 2599 332 2659 dinis
354 2599 464 2676 vigore
484 2600 685 2661 deiecerunt.
715 2601 821 2660 Pedes
843 2600 882 2659 ad
904 2616 999 2659 cvan—

245 2697 449 2773 gelizandum
472 2698 604 2774 saepius
627 2697 758 2775 iatigati,
779 2707 944 2774 tamquam
966 2697 999 2757 in
1060 2751 1062 2778 ἶ

175 2779 178 2788 ’
245 2811 365 2871 nervo,
400 2794 449 2854 sic
480 2805 556 2856 sunt
586 2795 619 2855 in
652 2795 738 2872 ligno
770 2795 878 2855 crucis
914 2795 1000 2855 ierro
1060 2847 1061 2859 ,

209 2891 422 2952 rsconstricti.
465 2890 585 2953 Omnia
605 2894 751 2953 membra
772 2893 939 2953 doloribus
954 2891 999 2952 vi·
1059 2911 1060 2938 u

245 2991 362 3050 dentur
383 2991 493 3067 plena,
519 2990 711 3051 vulneribus
732 2991 844 3051 saucia
871 2990 999 3068 sangui·

245 3104 352 3164 neque
374 3105 534 3164 respersa.
562 3086 715 3148 Attamen
732 3105 808 3148 ossa
829 3088 901 3148 eius
924 3104 997 3148 cum
1056 3121 1057 3175 p

244 3185 375 3246 ossibus
396 3186 556 3246 latronum
579 3202 644 3245 non
667 3193 743 3245 sunt
765 3185 939 3261 coniracta‚
964 3195 997 3246 ut
1055 3213 1056 3251 r

244 3283 406 3360 scriptura
426 3283 536 3343 divina
550 3283 750 3360 impieretur,
771 3283 848 3359 quia
862 3282 932 3359 ipse
948 3291 996 3342 est
1052 3303 1055 3342 i

207 3397 342 3442 soverus
364 3398 466 3457 agnus
487 3381 520 3440 in
543 3381 614 3457 lege
636 3380 882 3458 praefiguratus,
904 3381 996 3441 cuius
1052 3351 1054 3411 ¹

244 3496 319 3538 ossa
348 3478 438 3539 iussa
468 3489 544 3539 sunt
574 3479 700 3555 integra
729 3479 863 3540 servari.
910 3477 993 3539 Talis

604 3583 642 3624 rot
