2194 4180
126 621 312 697 potentiore
347 621 487 698 amplius
528 622 780 683 conculcabitur.
837 623 883 683 lbi

127 735 226 778 avaro
248 718 330 779 nihil
352 719 496 795 proderit
518 719 666 796 pecunia,
694 737 755 780 nec
778 729 884 780 astuto

128 816 291 893 exquisita
312 816 466 892 nequitia.
497 817 543 877 lbi
559 818 718 879 delicatus
732 817 794 878 erit
809 835 885 878 esca

126 911 308 988 vermium,
330 922 362 972 et
384 913 546 989 quondam
563 915 727 975 formosus
749 914 782 974 in
802 915 885 975 stola

127 1028 189 1070 sua
209 1009 317 1086 gravis
339 1011 445 1070 foetor
465 1010 602 1071 narium.
633 1011 679 1072 Ibi
699 1012 908 1077 curvabiturs

126 1105 264 1166 altitudo
279 1107 434 1184 virorum,
450 1117 482 1168 et
497 1118 671 1170 evanescet
687 1109 757 1170 laus
773 1126 885 1186 super-

128 1204 255 1264 borum.
286 1205 370 1264 Ecce
385 1206 549 1281 quomodo
566 1206 669 1266 tendit
691 1207 730 1267 ad
745 1206 883 1266 nihilum

127 1317 227 1362 omne
249 1302 433 1362 mortalium
455 1320 571 1380 genus,
593 1304 685 1364 etad
707 1320 799 1364 suam
822 1304 884 1363 ori-

125 1399 237 1476 ginem
261 1400 344 1461 redit
365 1400 473 1461 omnis
495 1419 570 1461 caro
591 1419 650 1479 per
664 1402 792 1478 culpam
815 1418 884 1461 cor-

127 1507 233 1571 rupta.
896 1516 920 1557 ro

172 1593 379 1670 Quapropter
407 1597 455 1658 sic
484 1600 617 1658 studeas
646 1599 743 1660 modo
772 1599 884 1660 vivere

127 1701 162 1752 et
198 1692 314 1768 spiritu
351 1695 434 1755 iacta
464 1697 572 1757 carnis
602 1696 815 1771 mortificare,
850 1705 884 1756 ut

127 1807 229 1850 earne
251 1801 459 1866 putrescente
481 1796 514 1856 in
536 1797 671 1873 pulvere
702 1794 809 1855 anima
830 1804 885 1854 tua

127 1899 296 1950 mereatur
318 1891 404 1951 felici
427 1891 459 1952 in
482 1910 562 1970 pace
588 1892 806 1970 requiescere.
849 1891 883 1952 Si

127 1984 219 2046 enim
242 1986 327 2047 diem
350 2006 546 2065 parasceues
574 2007 661 2050 nunc
690 1988 758 2066 agis
786 1989 819 2049 in
842 1989 921 2049 la·1s

126 2087 211 2145 bore
232 2095 264 2145 et
279 2103 438 2164 maerore,
458 2088 594 2148 habebis
610 2089 777 2148 sabbatum
793 2103 885 2147 sanc-

127 2194 198 2245 tum
231 2182 264 2242 in
296 2185 409 2262 requie
444 2203 481 2246 ac
516 2186 633 2246 deinde
670 2183 884 2246 laetissimum

126 2282 253 2358 pascha
262 2281 295 2340 in
307 2283 548 2344 resurrectione
560 2284 730 2344 iustorum.
753 2283 884 2360 Quanto

127 2377 230 2456 igilur
264 2379 409 2440 strictius
444 2399 532 2442 nunc
563 2381 648 2441 vivis
683 2381 717 2441 in
752 2380 884 2455 mundo,

127 2485 220 2538 tanto
243 2477 450 2555 tranquillius
472 2478 615 2540 dormies
643 2479 676 2539 in
699 2479 921 2554 sepulchroao

128 2575 264 2652 Quanto
299 2593 386 2636 nunc
421 2576 548 2637 firmius
586 2576 674 2636 cruci
717 2576 885 2650 adhaeres,

125 2682 219 2735 tanto
242 2673 391 2734 securius
413 2674 452 2734 ad
466 2673 645 2766 ¹Christum
667 2672 852 2750 pervenies.

172 2777 303 2854 Quanto
325 2795 413 2838 nunc
435 2778 578 2838 amarius
600 2788 732 2854 peccata
754 2786 810 2837 tua
831 2777 885 2837 de·

126 2876 256 2954 ploras,
286 2885 374 2936 tanto
405 2876 516 2936 minus
546 2875 717 2936 ultricibus
746 2873 885 2934 flammis

126 2973 297 3035 exurenda
312 2973 481 3050 relinquis.
512 2973 642 3050 plange,
660 2973 786 3050 plange,
808 2973 922 3032 dumzs

125 3083 260 3147 tempus
282 3080 332 3131 est
352 3070 484 3147 gratiae,
506 3071 582 3131 dum
605 3080 698 3148 porta
719 3079 805 3147 patet
826 3071 885 3130 mi-

126 3169 338 3245 sericordiae,
360 3169 436 3229 dum
458 3180 590 3245 accepta
612 3179 661 3229 est
685 3170 755 3229 Deo
776 3169 885 3245 paeni-

126 3266 247 3341 tentia,
275 3276 307 3326 et
329 3266 461 3342 copiosa
489 3266 573 3342 apud
595 3283 670 3326 eum
693 3266 884 3342 redemptio.

128 3363 252 3440 Plange
268 3380 399 3440 quoque
410 3363 630 3423 miserabilem
642 3373 760 3423 statum
773 3363 882 3423 mundi

127 3470 163 3522 et
177 3477 325 3537 magnam
341 3460 579 3520 mollitudinem
596 3460 776 3535 hominum,
798 3460 921 3536 quodao

127 3570 194 3620 tam
230 3557 324 3636 pauci
360 3556 572 3618 inveniuntur
602 3559 671 3620 veri
706 3557 885 3621 imitatores

489 3663 530 3706 213
