2142 4172
92 432 849 546 &Qunam

91 623 238 698 tranium,
254 632 553 701 quantumcumque
563 624 712 684 videatur
723 623 848 683 homini

92 721 168 781 leve
190 721 242 781 vel
264 738 410 797 parvum.

193 905 197 914 ·
282 903 554 982 [enprrvuvn
578 905 662 982 nn]

93 1037 208 1100 Oratio
235 1037 279 1098 ad
302 1037 539 1113 regratiandum
564 1038 687 1098 Christo
705 1054 765 1112 pro
789 1054 849 1097 sua

92 1135 339 1206 incarnatione,
387 1135 560 1210 passione,
614 1136 872 1207 resurrectiones

92 1235 283 1296 ascensione
317 1239 349 1294 et
382 1233 520 1308 Spiritus
559 1235 665 1295 sancti
700 1234 851 1294 missione

162 1350 234 1392 curn
255 1331 407 1406 ampliori
429 1332 599 1407 largitione
619 1334 785 1392 donorum.

90 1442 214 1662 Q
236 1500 427 1562 dulcissime
450 1500 590 1561 Domine
614 1501 688 1562 lesu
705 1501 850 1577 Christe,

94 1619 122 1662 n.
233 1607 357 1659 amator
371 1608 523 1659 aeternae
540 1600 654 1660 salutis
669 1615 772 1673 meae,
790 1615 849 1675 ego

90 1706 271 1774 pauperet
297 1696 446 1757 infirmus
469 1699 566 1756 homo
591 1697 678 1757 omni
703 1697 850 1756 consola·
862 1713 886 1753 10

90 1794 183 1855 tione
212 1803 244 1854 et
273 1794 360 1854 omni
389 1794 475 1854 bono
504 1794 657 1871 indignus
690 1793 850 1854 benedico

90 1902 126 1953 te
149 1901 181 1951 et
201 1891 347 1968 glorifico
363 1891 606 1952 sanctissimum
622 1909 742 1952 nomen
758 1901 849 1952 tuum

92 2005 169 2049 cum
199 1989 350 2049 omnibus
375 1990 497 2049 sanctis
525 2000 557 2050 et
585 1990 699 2050 electis
727 1990 792 2050 tuis
817 1991 849 2050 in

92 2095 273 2146 aeternum.
290 2087 328 2146 Et
338 2087 512 2163 praecipue
528 2087 685 2164 regratior
697 2087 765 2163 tibi,
779 2089 849 2148 Deo

92 2199 187 2257 meo,
215 2183 291 2259 quia
312 2201 352 2244 ex
374 2202 489 2261 magna
511 2185 642 2245 caritate
671 2194 703 2245 et
724 2185 850 2245 miseri·
863 2205 886 2244 15

93 2280 206 2341 cordia
227 2290 281 2341 tua
296 2282 427 2343 voluisti
442 2292 574 2359 propter
591 2300 644 2343 me
659 2284 757 2342 homo
780 2281 850 2341 iieri

60 2368 66 2452 ’,
93 2387 128 2438 et
163 2387 310 2438 naturam
346 2396 451 2439 meam
487 2397 656 2439 assumere
687 2390 719 2439 et
753 2396 851 2455 supra

93 2495 192 2538 usum
215 2487 348 2538 naturae
377 2478 417 2538 de
440 2478 562 2555 Spiritu
588 2484 707 2538 sencto'
722 2477 850 2553 concipi

93 2585 128 2636 et
144 2577 183 2654 cie
198 2593 279 2652 pura
288 2576 414 2653 virgine
425 2577 530 2637 Maria
545 2575 736 2636 mirabiliter
750 2575 851 2650 nasci,

94 2673 207 2734 lactari
230 2681 262 2732 et
277 2674 403 2750 nutriri,
425 2674 614 2734 circumcidi
632 2673 712 2733 etin
728 2674 887 2749 templow

94 2772 219 2847 offerri,
240 2781 275 2832 ut
297 2789 349 2831 me
371 2773 409 2832 ab
425 2771 513 2832 omni
530 2771 715 2848 impuritate
732 2771 851 2830 mentis

57 2883 59 2888 ’
94 2880 128 2931 et
151 2869 297 2946 corporis
322 2869 513 2946 purificares
535 2878 567 2929 et
588 2868 714 2944 sobrie,
739 2868 792 2944 pie
814 2885 850 2928 ac

94 2977 185 3030 caste
207 2967 464 3043 omnitempore
485 2967 598 3027 vivere
620 2967 766 3027 doceres

136 3065 253 3127 Adhuc
268 3065 407 3141 amplius
422 3065 579 3141 regratior
593 3064 650 3125 tibi
666 3081 724 3140 pro
747 3081 851 3124 sacra·

94 3163 223 3226 tissima
254 3171 349 3239 atque
380 3163 584 3222 amarissima
613 3162 766 3238 passione
797 3171 887 3221 tua2⁵

94 3261 323 3338 persingulas
351 3259 422 3319 dies
451 3269 483 3319 et
505 3277 620 3320 omnes
646 3261 744 3320 horas
765 3259 851 3319 vitae

94 3375 206 3431 meae,
240 3357 316 3434 quia
346 3374 404 3433 pro
440 3375 493 3417 me
524 3358 674 3434 dignatus
705 3375 741 3418 es
776 3359 852 3435 pati,

95 3455 259 3533 crucifigi,
287 3455 369 3516 mori
393 3466 425 3516 et
447 3455 595 3532 sepeliri,
625 3465 659 3516 ut
684 3456 850 3517 innocenti

95 3565 201 3616 morte
223 3564 278 3615 tua
298 3555 337 3614 ab
353 3564 484 3615 aeterna
506 3563 609 3615 morte
625 3571 677 3614 me
696 3554 852 3614 liberares

454 3659 495 3702 347
