2194 4180
226 391 977 500 Qfflffinfffflssffl

261 580 409 658 Oquam
432 579 538 638 dulcia
567 588 643 639 sunt
671 580 752 638 haec
781 579 867 640 dicta
894 580 977 641 mihi

203 678 391 762 peccatori,
411 695 510 753 super
532 678 596 736 mel
612 685 644 736 et
660 676 769 736 favum
786 678 874 737 cordi
891 695 978 738 meo.

219 775 302 834 Nam
326 785 427 835 totum
450 792 508 852 pro
531 792 583 834 me
605 783 733 850 gestum
755 774 861 850 video,
883 775 978 851 quid-

219 871 296 948 quid
319 871 427 931 lesum
450 870 483 931 in
506 888 603 931 carne
632 889 764 946 passum
790 872 872 948 lego.
914 872 978 933 To·

195 979 286 1050 stum
323 968 418 1028 etiam
450 968 530 1028 milri
561 970 601 1028 ad
633 968 785 1029 meritum
822 970 908 1030 cedit
944 981 977 1032 et

218 1067 387 1143 solacium,
431 1067 566 1144 uidquid
587 1067 663 1127 boni
679 1068 713 1127 in
728 1067 794 1127 vita
808 1083 868 1126 sua
882 1067 977 1127 beata

218 1163 976 1242 virgoegit‚quidquidsacriministeriiChristo

217 1263 386 1339 impendit,
408 1261 566 1339 quidquid
582 1261 788 1322 adversitatis
803 1261 836 1320 in
852 1261 976 1322 mundo

218 1378 291 1421 cum
316 1360 389 1420 lesu
412 1358 554 1435 pertulit.

182 1471 207 1512 1⁰
258 1458 360 1519 Serva
381 1457 495 1534 igitur,
521 1457 625 1517 electa
646 1466 765 1531 mater,
793 1455 827 1516 in
848 1456 976 1533 gremio

218 1557 349 1616 unicum
373 1557 475 1618 lilium
498 1565 589 1616 tuum
605 1555 759 1614 dilectum
774 1571 832 1630 pro
853 1572 905 1614 me
921 1572 976 1614 oc-

217 1655 332 1731 cisum,
354 1672 450 1715 serva
470 1654 606 1715 tamdiu
623 1653 731 1712 lesum
755 1661 844 1712 extra
866 1654 977 1728 sepul-

218 1762 341 1828 turam,
377 1753 480 1812 donec
513 1751 606 1811 flexis
637 1750 806 1811 humiliter
834 1751 977 1826 genibus

217 1852 348 1911 adorem
371 1868 445 1910 eum
469 1867 568 1926 super
588 1858 719 1926 terram,
741 1851 845 1909 donec
868 1848 976 1909 effun-

182 1950 289 2008 1⁵dam
313 1966 420 2009 coram
443 1965 482 2008 eo
505 1964 620 2025 preces
640 1964 731 2006 meas
753 1956 784 2006 et
799 1947 977 2008 deosculer

217 2046 352 2105 vulnera
381 2045 518 2121 eiusque
549 2044 695 2104 membra
723 2044 879 2121 martyrio
909 2055 977 2106 tor-

217 2152 367 2203 mentata.
410 2129 532 2202 Exaudi
555 2159 618 2217 me,
640 2142 770 2202 domina
792 2159 875 2219 mea,
902 2157 976 2205 esto

217 2241 296 2301 mihi
319 2240 471 2317 propitia,
493 2240 592 2316 imple
622 2250 696 2299 vota
725 2257 814 2316 mea,
843 2242 976 2318 porrige

216 2338 295 2398 mihi
318 2339 357 2398 ad
380 2338 604 2412 osculandum,
627 2353 724 2412 quem
747 2337 851 2414 diligit
865 2339 977 2400 anima

177 2450 297 2496 nomen.

353 2599 624 2678 [CAPlTVLVNl
649 2601 828 2679 XXXllll.]

215 2751 385 2810 Orationes
405 2750 450 2811 ad
472 2751 611 2810 membra
635 2750 763 2812 Christi.
805 2753 847 2812 Et
864 2753 975 2828 primo

508 2866 553 2926 od
569 2867 678 2942 pedes.

212 2969 333 3187 Q
355 3027 496 3104 speciosi
519 3027 620 3103 pedes
643 3026 775 3088 Domini
806 3026 871 3086 mei
895 3028 972 3104 lesu

176 3144 204 3186 25
217 3143 243 3184 rs
356 3125 492 3200 Christi,
514 3125 569 3201 qui
586 3125 684 3185 unius
700 3124 868 3186 durissimi
884 3126 970 3186 clavi

213 3221 403 3282 incussione
418 3222 538 3298 pariter
552 3221 699 3282 transfixi
720 3222 829 3283 fuistis
851 3232 884 3283 et
899 3241 972 3300 pre·

213 3317 332 3378 tiosum
362 3318 554 3395 sanguinem
584 3319 617 3378 in
647 3335 763 3395 magna
791 3320 970 3396 quantitate

212 3416 388 3492 emisistis,
417 3416 515 3476 adoro
538 3433 598 3476 vos
627 3410 833 3492 reverenier‚
864 3426 896 3477 et
919 3434 970 3477 os-

212 3513 304 3572 culor
345 3513 518 3588 diligenter
560 3525 675 3589 petens
717 3513 797 3574 mihi
840 3513 970 3591 dimitti,

570 3617 611 3658 204
