2152 4174
232 588 340 647 Iesum
372 587 411 645 ab
445 584 633 645 hominibus
664 584 794 661 quidem
826 581 920 642 malis
956 583 991 643 in

230 694 317 745 terra
347 683 572 760 reprobatum,
604 700 622 741 a
653 682 723 742 Deo
755 689 862 741 autem
895 690 991 756 patre

231 783 371 842 electum
400 797 437 840 ac
465 780 567 857 gloria
589 789 621 840 et
647 781 771 839 honore
795 786 990 838 coronatum

232 879 387 938 incaelo.
430 877 504 937 Non
533 887 564 937 te
594 885 749 952 superent
780 875 990 936 transitoriae

208 975 494 1050 maledictiones,
517 974 568 1035 cui
591 985 742 1034 aeternae
763 971 885 1050 gloriae
906 990 991 1049 pon-

231 1076 292 1135 dus
314 1083 364 1134 est
386 1091 404 1132 a
426 1073 496 1134 Deo
519 1080 675 1148 paratum.

272 1171 367 1230 Nunc
391 1170 501 1246 itaque
529 1170 676 1246 supplico
703 1169 884 1230 immensae
906 1169 990 1230 cari·

231 1269 285 1329 tati
309 1279 393 1343 tuae,
414 1268 594 1329 amicabilis
617 1268 690 1327 Iesu
714 1266 865 1342 Christe,
890 1275 924 1326 ut
949 1268 989 1327 ad
1071 1325 1072 1356 3

231 1382 366 1442 magnae
388 1364 625 1441 compassionis
646 1363 780 1441 gratiam
803 1380 988 1424 cormeum

198 1463 390 1533 10accendas
416 1473 448 1524 et
477 1471 563 1522 tanto
592 1461 713 1522 amoris
741 1461 787 1522 tui
819 1461 893 1538 igne
924 1461 990 1523 ier-

232 1578 308 1621 vere
332 1560 441 1635 iacias,
462 1569 498 1620 ut
519 1576 667 1636 quaeque
688 1558 858 1619 maledicta
872 1576 910 1619 ac
927 1559 990 1620 cri·

232 1659 355 1719 minum
387 1658 513 1719 obiecta
541 1656 675 1735 pacilica
706 1667 814 1718 mente
845 1659 990 1718 tolerare

231 1756 387 1833 gaudeam
410 1772 471 1815 nec
486 1757 656 1816 hominum
679 1764 822 1816 terrores
843 1756 989 1816 vexatio-

231 1871 355 1932 nesque
384 1854 626 1931 pertimescam,
655 1854 713 1913 sed
733 1863 764 1913 te
787 1854 905 1914 imitari
929 1871 990 1930 per

197 1953 338 2022 1scrucis
369 1952 577 2030 opprobrium
608 1951 686 2012 totis
713 1951 838 2012 viribus
867 1968 989 2012 concu-

230 2052 363 2128 piscam.
406 2050 551 2127 Accinge
579 2067 632 2110 me
661 2059 773 2110 contra
802 2049 910 2109 carnis
940 2049 989 2110 in-

231 2149 359 2211 centiva
387 2159 419 2210 et
448 2148 488 2208 da
516 2147 726 2224 castigatione
755 2147 852 2224 digna
877 2157 989 2207 motus
1073 2163 1074 2180 ¹

230 2246 421 2324 crucifigere
455 2246 571 2306 noxios
607 2245 816 2322 lacrimisque
852 2245 988 2304 abluere

230 2346 342 2422 culpas
370 2346 433 2405 iam
462 2353 536 2403 ante
566 2352 748 2403 contractas
769 2341 917 2418 nullique
940 2342 988 2401 vi-

193 2442 313 2512 zotioso
336 2441 482 2503 incursui
504 2440 659 2501 adhibere
688 2457 728 2500 ex
750 2439 988 2500 deliberatione

230 2555 438 2600 consensum.
482 2539 517 2598 In
547 2539 634 2599 omni
664 2538 805 2614 denique
833 2537 988 2597 collucta-

230 2637 318 2697 tione
347 2634 505 2713 spirituali
534 2646 567 2696 et
596 2636 704 2696 cordis
728 2653 881 2713 pressura
904 2636 986 2696 mihi

229 2750 384 2795 succurre
402 2742 434 2793 et
449 2733 589 2794 defende
604 2750 657 2794 me
677 2735 716 2794 ab
731 2734 854 2795 inimici
871 2734 986 2795 fraude

229 2831 379 2892 vivilicae
410 2831 518 2891 crucis
548 2831 661 2908 signo,
698 2833 784 2908 quod
820 2831 896 2892 licet
927 2832 986 2892 tibi

193 2937 454 3007 aspraeparatum
478 2929 538 2989 luit
566 2929 598 2988 in
627 2930 875 3005 contumeliam,
904 2929 985 2990 mihi

231 3027 283 3087 fiat
317 3026 515 3101 remedium,
550 3036 585 3086 ut
616 3036 647 3086 et
678 3043 738 3103 ego
768 3037 889 3103 gratam
926 3026 985 3086 tibi

229 3124 368 3184 hostiam
397 3124 502 3184 laudis
530 3140 589 3200 per
624 3132 755 3184 sanctae
783 3123 892 3185 crucis
918 3123 985 3182 vic-

229 3222 343 3282 toriam
367 3221 483 3282 devote
506 3231 680 3297 reportem.

593 3403 619 3458 8

592 3613 619 3653 w
