2142 4172
96 448 852 561 &Quaem

95 640 214 716 collige
242 648 274 699 te
303 639 400 716 igitur
421 639 547 700 seriose
572 640 733 700 manendo
754 640 788 700 in
811 641 853 700 si·

94 737 198 797 lentio
220 746 252 797 et
267 737 453 812 solitudine,
475 738 618 798 vacando
635 738 706 797 Deo
728 737 761 797 in
784 755 853 798 ora-

94 835 186 895 tione
215 844 247 895 et
275 852 367 894 sacra
395 834 605 895 meditatione
637 844 669 895 et
698 853 853 912 praepara

94 941 128 992 te
151 949 227 1009 erga
249 933 368 992 festum
390 941 599 1009 pentecostes
620 933 684 992 iam
708 933 852 994 futurum

94 1029 136 1089 ad
166 1029 388 1105 recipiendum
415 1029 571 1106 Spiritum
600 1039 748 1090 sanctum
778 1049 874 1093 cums

94 1127 253 1204 apostolis
279 1127 312 1187 in
342 1126 455 1186 maiori
480 1128 625 1201 fervore,
654 1127 708 1204 qui
739 1128 852 1188 relicto

94 1225 186 1285 omni
215 1225 336 1285 solacio
358 1233 489 1284 terreno
514 1226 725 1301 expectabant
747 1226 779 1286 in
802 1243 853 1286 se·

21 1393 26 1404 ¹
94 1332 186 1383 creto
202 1324 358 1383 cenaculo
373 1341 494 1384 novum
509 1323 662 1400 gaudium
685 1341 703 1382 a
718 1323 852 1385 Christo

95 1419 137 1479 de
158 1421 258 1479 caelo.
289 1420 519 1479 Rememorare
541 1419 671 1479 interim
693 1420 853 1480 benelicia

96 1517 159 1577 Dei
190 1535 208 1576 a
235 1516 395 1593 principio
425 1516 536 1576 mundi
567 1534 672 1594 usque
700 1517 796 1577 modo
821 1527 888 1582 etro

94 1615 271 1691 praecipue
294 1615 494 1675 conferendo
517 1633 590 1676 cum
612 1616 706 1677 beata
727 1616 852 1693 virgine

97 1712 204 1772 illaria
242 1713 282 1773 de
320 1713 542 1773 incarnatione
578 1713 703 1776 Christi
744 1713 853 1772 omnia

94 1810 197 1869 verba
211 1818 243 1869 et
258 1827 356 1886 opera
372 1813 457 1885 lesu,
473 1811 530 1871 lilii
546 1811 608 1887 sui,
625 1811 658 1871 in
674 1810 853 1888 evangeliis

95 1907 260 1983 descripta
281 1926 299 1967 a
320 1909 373 1969 die
394 1908 571 1969 nativitatis
596 1908 668 1968 eius
692 1926 797 1986 usque
819 1909 852 1968 in

94 2014 302 2080 praesentem
334 2006 420 2066 diem
451 2006 612 2083 gloriosae
648 2005 852 2065 ascensionis
865 2031 888 2072 ιε

95 2103 169 2163 eius
198 2103 236 2163 ad
267 2105 414 2179 Patrem,
444 2112 640 2163 nontamen
669 2103 852 2163 deserendo

68 2270 70 2274 .
95 2200 247 2260 dilectam
270 2209 406 2261 matrem
428 2217 532 2275 suam,
554 2217 650 2277 quam
668 2199 854 2276 specialiter

94 2297 228 2374 reliquit
248 2317 307 2375 pro
330 2299 451 2358 solacio
474 2298 694 2372 infirmorum,
716 2298 754 2357 ad
777 2314 853 2357 con·

95 2396 281 2456 fortandum
313 2397 346 2456 in
378 2396 441 2457 lide
469 2396 634 2472 apostolos
663 2404 694 2455 et
725 2404 853 2456 ceteros

95 2491 228 2568 fideles,
254 2493 330 2570 quia
350 2494 481 2570 plenius
502 2502 534 2553 et
559 2493 680 2553 certius
702 2494 888 2570 cognovitao

93 2590 206 2652 omnia
235 2600 326 2668 gesta
356 2601 388 2652 et
418 2591 590 2666 miracula,
618 2608 701 2667 quae
731 2591 852 2650 iecerat
948 2627 951 2635 ·

96 2692 193 2751 Iesus
215 2689 247 2749 in
270 2688 376 2749 terris.

297 2880 568 2958 [CAPITVLVM
591 2881 659 2956 111.]

94 3023 144 3083 De
165 3023 316 3083 missione
336 3021 474 3097 Spiritus
496 3022 601 3082 suncti
622 3023 655 3081 in
677 3023 853 3098 discipulos

225 3119 342 3179 Christi
364 3120 397 3179 in
413 3123 500 3196 sesto
517 3125 724 3195 pentecostes
860 3124 888 3166 2⁵

95 3213 345 3433 &medico
365 3281 397 3331 et
411 3271 530 3349 gratias
547 3271 689 3348 egotibi,
712 3271 852 3332 Domine

229 3369 303 3429 lesu
329 3369 480 3444 Christe,
510 3370 746 3447 benignissime
777 3387 852 3429 con·

96 3465 232 3526 fortator
262 3483 450 3543 aegrorum,
481 3466 677 3526 suavissime
706 3465 853 3525 visitator

94 3563 300 3626 infirmorum
323 3582 360 3624 ac
384 3565 561 3625 fortissime
579 3565 706 3625 adiutor
721 3563 852 3624 tribula-

372 3683 374 3687 *
456 3670 497 3712 aas
