2118 4180
75 431 370 541 Qirffl
389 485 469 538 aas.
492 429 801 538 &effi

103 621 179 680 Hinc
207 619 327 697 gratias
357 617 414 678 tibi
446 634 541 694 agere
572 620 669 680 debet
699 617 807 679 omnis

69 715 158 777 lidelis
185 717 292 777 anima
320 734 381 776 nec
410 717 450 776 de
477 735 536 777 sua
557 716 721 778 conlidere
743 716 807 776 vir-

68 823 124 874 tute
143 831 247 891 neque
264 815 305 874 de
320 831 455 875 suorum
471 814 661 875 meritorum
676 813 806 891 gloriari

68 910 182 972 iustitia.
222 910 292 971 Tua
314 911 419 986 enim,
442 913 533 972 Deus
555 929 666 988 meus,
692 929 807 972 sumus

68 1018 212 1068 creatura:
242 1018 297 1068 tua
324 1008 467 1069 bonitate
496 1008 724 1069 consistimus:
753 1017 844 1070 tuas

67 1106 195 1182 largitate
217 1107 419 1183 accepimus,
440 1124 523 1183 quae
545 1108 719 1168 habemus:
749 1107 807 1166 sed

66 1213 162 1262 nostra
192 1203 349 1279 pravitate
381 1203 445 1262 cito
472 1203 610 1264 labimur
638 1214 670 1265 et
698 1204 807 1265 defici·

68 1317 145 1376 nus3
180 1318 216 1360 ac
252 1300 315 1360 nisi
351 1309 426 1360 tuae
461 1301 682 1363 miserationis
716 1319 807 1380 prae·

68 1398 137 1458 sidio
163 1416 277 1460 rursus
307 1398 471 1475 erigamur
500 1408 532 1458 et
565 1400 807 1475 confirmemur,

67 1497 98 1555 ad
116 1497 272 1558 deteriora
286 1512 419 1572 semper
431 1496 597 1557 tendimus
616 1498 696 1558 etin
712 1497 807 1558 malis
820 1519 843 1560 ro

67 1592 258 1653 tabescimus.

98 1690 175 1752 Tuas
189 1691 297 1768 igitur,
318 1691 575 1752 clementissime
591 1693 692 1767 Deus,
710 1692 806 1752 mise·

67 1789 192 1849 rationes
213 1789 443 1865 imploramus;
466 1798 540 1849 tuae
563 1790 732 1850 suavitatis
754 1781 816 1850 ab-'

67 1861 235 1946 un'dantiam
252 1887 291 1946 ad
306 1887 496 1947 memoriam
513 1903 716 1962 revocamus,
737 1887 806 1946 dul-

66 1982 133 2043 citer
146 1993 340 2059 eructamus,
361 1986 561 2045 excellenter
580 1985 806 2061 praedicamus
819 2009 842 2050 15

64 2088 146 2156 atque
179 2080 236 2141 tibi
275 2081 471 2141 sacrificium
503 2082 576 2158 piae
612 2083 806 2144 laudationis

64 2192 112 2250 pro
139 2178 345 2239 multitudine
380 2179 549 2254 impensae
586 2179 806 2241 miserationis

64 2290 125 2336 cunr
143 2277 316 2354 gratiarum
333 2277 460 2336 actione
476 2277 693 2352 immolamus,
709 2294 805 2354 quam

63 2371 145 2432 nobis
163 2373 239 2433 liliis
261 2374 431 2434 sceleratis
446 2375 507 2434 sub
522 2383 656 2450 peccato
671 2392 806 2435 venum-

63 2468 133 2530 datis
153 2472 345 2547 plenissime
367 2471 607 2533 demonstrasti.
814 2498 841 2540 ω

244 2680 515 2758 [cnrlrvuvn
545 2681 613 2758 ui]

72 2802 111 2862 lle
134 2805 334 2865 revocatione
359 2806 498 2865 hominis
525 2811 557 2865 ei
580 2809 793 2883 promissione

273 2903 431 2962 adventus
454 2902 580 2964 Christi.

62 2993 295 3216 &medico
317 3064 349 3114 et
370 3055 489 3131 gratias
506 3072 564 3131 ago
580 3056 648 3132 tibi,
664 3058 805 3118 Domine

177 3154 269 3212 Deus
280 3152 487 3228 omnipotens
498 3163 530 3213 et
541 3155 697 3230 clemens,
711 3155 805 3216 cuius
814 3181 841 3222 25

62 3256 162 3308 natura
182 3249 328 3323 bonitaS‚
356 3249 450 3309 cuius
472 3251 623 3310 voluntas
651 3253 805 3328 potentia,

63 3342 143 3404 cuius
177 3363 260 3422 opus
296 3345 520 3406 misericordia
555 3357 621 3423 est,
657 3365 715 3425 pro
751 3359 805 3410 tua

63 3439 222 3503 clementia
250 3443 411 3503 immensa
439 3453 471 3504 et
492 3443 630 3520 gratuita
651 3444 804 3521 bonitate,

63 3528 115 3613 qua
139 3541 306 3602 hominem
336 3541 493 3601 diabolica
520 3541 719 3617 malignitate
751 3543 804 3603 de·

420 3647 435 3690 a
