2194 4180
217 575 281 635 viis
302 574 378 634 tuis
421 574 497 633 ideo
524 581 632 632 autem
662 571 839 632 claritatem
861 571 976 630 vultus

217 672 264 733 tui
296 671 421 731 Mariae
451 670 615 748 plangenti
651 669 837 745 occultasti,
867 685 909 729 ne
938 678 976 728 te

219 779 426 847 agnosceret,
461 778 496 829 ut
527 768 726 829 desiderium
757 765 865 826 cordis
900 765 976 825 eius

218 867 322 944 magis
344 884 420 944 erga
440 875 472 926 te
495 866 655 927 excitares
684 874 716 926 et
737 864 889 925 virtutem
918 881 977 939 pa-

196 964 351 1029 stientiae
374 965 446 1025 eius
467 965 623 1040 probares
644 973 677 1024 et
695 971 730 1023 ut
745 963 918 1040 affligendo
940 971 977 1022 et

219 1061 401 1123 differendo
423 1061 563 1138 amplius
580 1077 738 1138 purgares
759 1068 792 1120 et
813 1059 852 1119 ad
867 1058 974 1118 maius

217 1159 371 1237 gaudium
394 1177 465 1220 eam
495 1169 569 1236 post
597 1160 726 1236 longam
754 1157 917 1218 tristitiam
940 1165 974 1216 et

218 1257 369 1318 lacrimas
390 1257 510 1318 multas
531 1256 739 1333 perduceres.

260 1355 297 1414 ln
319 1355 382 1414 hoc
413 1355 510 1415 etiam
540 1353 670 1414 ¹devotis
701 1352 734 1412 in
765 1351 975 1413 tribulatione

185 1477 209 1518 ιο
219 1452 335 1529 positis
357 1453 542 1529 exemplum
564 1451 740 1529 patientiae
762 1460 794 1511 et
808 1449 977 1527 paeniten-

219 1550 282 1610 tiae
305 1557 436 1608 sanctae
466 1548 590 1609 Mariae
619 1564 677 1625 pro
706 1563 823 1624 magno
852 1546 975 1606 solacio

220 1647 460 1708 demonstrasti.
504 1647 598 1724 Quae
620 1662 695 1706 cum
718 1653 807 1705 esset
835 1645 975 1705 multum

219 1763 238 1805 a
271 1753 303 1805 te
339 1744 456 1805 dilecta
491 1755 523 1804 et
561 1744 688 1822 magnis
723 1743 818 1804 donis
853 1751 977 1817 omma,

221 1843 280 1903 luit
310 1853 419 1903 tamen
450 1842 484 1902 in
515 1843 575 1902 hac
610 1842 677 1902 vita
711 1857 809 1916 saepe
844 1838 977 1913 afflicta,

184 1941 360 2016 rstnstata,
390 1949 521 2017 gravata
549 1949 580 2001 et
608 1940 648 2000 ad
676 1948 807 2016 tempus
830 1937 977 1998 desolata

219 2053 277 2114 pro
319 2045 493 2114 augmento
536 2036 726 2097 meritorum
767 2052 901 2096 suorum
943 2044 977 2094 et

218 2136 258 2196 ad
300 2135 437 2195 aliorum
480 2135 662 2211 proiectum
699 2131 977 2202 Christianorum,

219 2233 277 2293 sed
320 2249 386 2292 non
436 2233 568 2309 penitus
616 2231 771 2292 derelicta
817 2248 878 2292 nec
920 2231 976 2292 de·

220 2340 340 2408 specta.

181 2447 209 2489 ao
261 2429 290 2490 O
326 2446 423 2506 quam
459 2427 624 2504 sapienter
658 2436 690 2488 et
720 2426 861 2505 benigne
896 2425 977 2503 agis,

222 2525 379 2601 Domine,
410 2543 483 2586 cum
508 2525 637 2585 dilectis
664 2525 747 2600 tuiS,
776 2524 846 2584 sive
874 2523 976 2583 tribu·

220 2623 315 2682 lando
344 2621 415 2682 sive
442 2621 651 2697 consolando,
676 2622 780 2682 donec
802 2636 860 2681 eos
882 2621 921 2680 ad
942 2629 975 2680 te

220 2720 253 2780 in
282 2729 447 2781 aeternam
476 2719 624 2796 requiem
654 2717 806 2779 caelestis
834 2717 976 2794 paradisi

219 2817 389 2894 perducas.
433 2816 571 2893 Oportet
600 2825 708 2877 autem
737 2816 838 2876 variis
868 2815 976 2876 modis

184 2937 211 2978 25
221 2930 278 2974 eos
300 2930 359 2990 per
373 2913 603 2989 temptationes
618 2913 746 2990 probari
763 2922 796 2973 et
809 2922 975 2990 tamquam

220 3028 334 3071 aurum
356 3009 390 3070 in
412 3009 487 3086 igne
509 3010 729 3071 tribulationis
757 3010 897 3086 purgari.
933 3011 977 3071 Vt

220 3125 297 3185 ergo
319 3107 383 3184 apti
406 3107 472 3167 sint
492 3124 593 3183 regno
610 3107 670 3168 Dei
694 3116 726 3168 et
743 3107 830 3184 digni
846 3107 976 3167 visione

220 3206 352 3266 caelesti
376 3205 457 3280 frui,
487 3205 606 3266 debent
635 3206 744 3266 omnia
772 3206 822 3266 eis
850 3206 976 3265 contin·

219 3303 328 3379 gentia
349 3320 465 3380 capere
487 3303 527 3362 de
556 3319 655 3363 manu
682 3313 738 3364 tua
765 3320 824 3379 pro
845 3303 974 3364 meliori

182 3400 305 3467 sodono
328 3409 359 3460 et
381 3417 453 3459 arra
474 3401 560 3461 vitae
583 3410 751 3477 aeternae,
781 3418 878 3477 quam
902 3419 975 3478 pro·

219 3497 337 3557 misisti
368 3498 495 3558 animae
524 3499 660 3558 devotae
689 3499 914 3575 perseveranti
941 3500 974 3559 in

578 3603 619 3643 aaa
