2152 4174
225 393 974 504 Qffffibraafflffi

218 599 301 659 rum,
317 591 436 659 quanta
450 581 625 658 praecipue
637 583 778 644 lamenta
788 590 976 644 sanctarum

219 680 393 740 mulierum
429 679 531 740 nimio
574 679 812 756 compassionis
854 679 975 740 aflectu

219 785 292 853 post
313 785 345 838 te
367 777 630 854 respicientium,
651 795 713 838 nec
734 787 843 838 tamen
866 777 976 854 aliquo

219 873 306 934 aditu
329 874 587 950 appropinquare
609 874 787 936 valentium
805 891 914 951 neque
936 875 976 934 ab

196 971 352 1033 sinteritu
375 971 489 1032 mortis
510 971 659 1032 liberare.

260 1069 324 1130 Sed
354 1086 373 1129 ο
401 1085 497 1146 quam
527 1068 774 1129 inaestimabilis
796 1067 890 1129 dolor
910 1085 977 1128 ma·
1068 1141 1069 1158 ἵ

220 1176 311 1227 terna
328 1166 456 1228 interna
471 1167 595 1227 Mariae
610 1167 747 1243 virginis
762 1166 977 1243 apprehendit

219 1274 252 1324 et
274 1263 451 1340 concussit,
473 1281 547 1325 cum
567 1263 700 1324 unicum
717 1263 778 1324 sibi
793 1264 978 1324 amantissi-

220 1378 309 1423 mum
339 1360 441 1421 lilium
470 1361 503 1421 in
533 1361 630 1420 dorso
661 1361 839 1437 patibulum
869 1361 978 1422 crucis
1069 1367 1070 1382 ³

187 1459 307 1522 nferre
347 1468 378 1518 et
413 1459 452 1518 ad
487 1468 625 1520 mortem
662 1458 795 1535 perduci
831 1459 978 1535 aspexit!

222 1556 251 1618 Ο
274 1573 370 1633 quam
393 1556 611 1618 libentissime
633 1557 804 1617 benedicta
828 1557 978 1633 genetrix

220 1664 293 1729 tua,
314 1653 462 1730 piissima
483 1657 575 1731 virgo
598 1655 718 1730 Maria,
746 1654 978 1730 gravissimum

223 1752 330 1813 crucis
352 1752 560 1829 opprobrium
583 1761 694 1829 prote
717 1751 923 1828 sustulisset,
947 1753 978 1812 ei

223 1851 250 1910 si
273 1850 438 1926 licuisset,
467 1860 499 1910 et
528 1867 624 1927 quam
654 1850 717 1910 cito
746 1867 804 1926 pro
833 1858 865 1909 te
895 1849 978 1909 mori

189 1969 214 2010 rs
224 1947 387 2025 elegisset,
402 1947 430 2006 si
446 1949 508 2008 boc
519 1947 575 2008 tibi
587 1947 750 2024 placuisse
760 1947 980 2024 cognovisset.

224 2047 289 2108 Sed
317 2047 404 2122 quod
433 2063 568 2122 corpore
591 2046 677 2106 ferre
701 2061 766 2106 non
791 2044 896 2121 potuit
917 2061 980 2105 neo
1072 2089 1073 2100 2

223 2143 325 2219 licuit,
339 2152 448 2204 mente
464 2143 704 2221 perfectissima
713 2143 860 2220 gestavit.
883 2142 979 2220 Quae
1072 2183 1073 2188 η

224 2241 312 2303 enim
344 2241 525 2302 ferventius
556 2241 691 2317 amavit,
721 2241 860 2317 amplius
892 2257 980 2301 com·

224 2339 359 2416 patitur,
390 2339 504 2400 durius
530 2339 700 2416 affligitur,
730 2339 841 2400 verius
868 2347 979 2399 tecum

188 2437 306 2513 augerit
322 2445 353 2496 et
368 2453 509 2497 crucem.
542 2436 673 2497 Nemini
689 2436 776 2496 enim
798 2444 980 2496 amatorum

225 2535 273 2596 sic
295 2535 334 2594 ad
352 2551 409 2595 cor
423 2533 546 2595 introiit
561 2534 654 2594 dolor
668 2543 744 2595 tuus
759 2533 844 2593 sicut
858 2533 980 2592 amanti

225 2633 352 2694 animae
380 2633 496 2693 unicae
524 2633 636 2693 matris
664 2643 739 2694 tuae
761 2632 898 2709 virginis
926 2649 982 2692 ex·

226 2729 479 2791 callentissimae
494 2730 647 2790 caritatis.
671 2731 742 2791 Nec
757 2730 982 2806 dubitandum,

226 2827 304 2904 quin
338 2827 566 2888 ardentissima
600 2827 748 2889 dilectrix
784 2837 840 2888 tua
876 2828 983 2888 Maria

190 2924 420 3001 asbiagdalena
447 2941 525 3001 prae
553 2926 654 2985 multa
682 2925 896 2986 amaritudine
926 2924 982 2985 fle-

227 3031 317 3082 tuum
341 3021 404 3082 iam
426 3039 530 3099 paene
551 3023 679 3082 delecta
695 3040 825 3084 rursum
841 3023 982 3083 amativo

227 3129 344 3180 conatu
366 3136 440 3179 cum
462 3120 588 3196 virgine
611 3128 713 3180 matre
740 3138 870 3182 crucem
893 3130 981 3182 tuam

227 3217 333 3278 libens
362 3217 553 3294 arripuisset
584 3235 721 3296 eamque
750 3219 895 3280 baiulare
923 3237 983 3296 pro

227 3324 259 3374 te
281 3314 452 3376 celerrime
474 3324 583 3392 parata
605 3315 731 3378 fuisset.

190 3438 218 3480 ω
269 3411 355 3472 Hinc
386 3421 418 3472 et
447 3412 505 3472 tibi
536 3413 629 3472 dolor
659 3412 808 3474 internus
841 3415 984 3476 accrevit

228 3509 328 3568 variis
349 3509 465 3584 modis,
487 3510 632 3586 exceptis
649 3510 712 3586 his,
733 3527 816 3588 quae
838 3511 984 3572 exterius

590 3613 627 3656 ros
