2118 4180
78 447 809 559 Qui-irmionem&

71 636 230 712 magnifice
253 636 422 696 illustrasti
438 645 470 696 et
489 645 618 696 mentes
637 635 817 696 infidelium

71 735 105 794 ad
126 735 321 795 credendum
341 734 399 794 tibi
420 734 563 795 invitasti
584 734 709 794 iaciens
723 734 818 810 plane

71 832 181 908 apertis
202 832 401 893 testimoniis
429 841 461 893 et
490 832 690 894 radiantibus
715 831 819 908 signis

71 928 222 1007 intellegi,
244 929 320 1007 quia
341 939 375 990 tu
398 946 435 989 es
458 929 624 1006 Christus,
646 928 733 989 lilius
756 929 817 989 Dei

70 1026 145 1103 vivi,
166 1026 220 1104 qui
244 1026 277 1087 in
300 1027 388 1087 hunc
409 1027 567 1087 mundum
590 1044 648 1104 pro
671 1027 842 1102 redemp·s

69 1123 150 1185 tione
170 1124 342 1185 hominum
365 1123 535 1184 advenisti.

106 1223 210 1283 Laudo
240 1231 272 1282 et
301 1221 482 1283 honorifico
511 1231 543 1282 te
571 1239 629 1299 pro
659 1222 821 1283 immensa

70 1320 192 1381 caritate
207 1330 273 1397 tua,
289 1321 375 1398 quod
390 1320 434 1380 ita
448 1320 571 1396 largum
587 1328 619 1379 et
632 1319 820 1380 benivolum

71 1418 189 1478 cunctis
222 1418 353 1495 populis
387 1426 419 1477 te
454 1416 651 1492 exhibuisti,
686 1425 721 1476 ut
755 1424 819 1475 tam

71 1533 222 1592 pauperes
249 1532 346 1593 quam
375 1515 517 1592 debiles,
545 1514 642 1575 etiam
672 1523 704 1574 et
732 1513 857 1574 vilis-ro

73 1612 139 1673 simi
152 1622 353 1691 peccatores,
375 1613 414 1672 ad
435 1621 467 1672 te
482 1612 639 1672 accedere
655 1611 821 1687 auderent,

73 1710 177 1789 eisque
198 1711 319 1772 affandi
342 1720 374 1771 et
394 1709 546 1788 tangendi
569 1718 601 1769 te
617 1709 751 1768 liberam
767 1707 821 1768 tri·

74 1808 181 1871 bueres
204 1809 400 1870 facultatem.

108 1907 275 1968 Benedicti
290 1906 376 1967 oculi
392 1905 438 1966 tui
454 1905 524 1965 sole
537 1904 724 1980 lucidiores,
739 1919 822 1980 quos

73 2003 320 2066 misericorditer
337 2021 436 2082 super
452 2004 564 2064 turbas
582 2003 622 2062 ad
638 2011 671 2062 te
688 2000 857 2062 venien-rs

73 2110 117 2161 tes
136 2103 324 2179 sublevasti,
346 2103 465 2181 quibus
486 2109 574 2161 tanta
594 2099 713 2177 pietate
736 2115 822 2158 com-

74 2215 180 2273 passus
202 2217 257 2275 es,
285 2209 321 2260 ut
348 2201 472 2277 absque
501 2197 681 2258 relectione
702 2213 823 2273 nequa·

74 2312 161 2372 quam
183 2296 273 2357 abire
296 2297 329 2356 in
352 2297 467 2357 domos
488 2312 566 2355 suas
592 2294 737 2370 sineres,
766 2294 823 2353 sed

75 2393 109 2452 de
128 2394 240 2470 paucis
269 2394 408 2471 panibus
435 2403 468 2454 et
489 2391 628 2453 modicis
656 2391 825 2467 pisciculis

14 2473 16 2494 ’
74 2493 166 2553 multa
194 2491 284 2552 milia
312 2491 482 2552 hominum
512 2490 615 2550 semel
646 2497 678 2548 et
706 2488 860 2548 iterumao

74 2603 181 2664 magno
204 2597 328 2666 patrato
348 2588 505 2649 miraculo
524 2586 826 2663 superabundanter

74 2685 199 2746 satiasti.

110 2783 306 2844 Benedictae
341 2800 458 2844 manus
497 2791 572 2842 tuae
609 2780 826 2857 venerabiles,

75 2895 148 2955 quas
177 2897 279 2958 super
308 2881 416 2941 varios
446 2897 562 2958 aegros
592 2878 743 2939 alacriter
772 2894 827 2938 ex·

76 2978 211 3055 tendisti,
232 2995 269 3038 ac
285 2987 371 3039 tactu
387 2979 433 3039 tui
452 2976 663 3038 sacratissimi
680 2975 863 3052 corporiszs
934 3049 937 3055 Ι

77 3090 198 3135 omnem
225 3075 446 3136 infirmitatem
474 3084 506 3136 et
527 3075 716 3152 languorem
743 3073 827 3133 cele-

77 3171 148 3232 riter
167 3172 329 3251 effugasti.

113 3269 281 3331 Benedicti
303 3270 405 3347 pedes
426 3268 473 3329 tui
495 3267 732 3346 speciosissimi
757 3283 827 3326 sae-

79 3367 144 3442 pius
165 3383 223 3445 pro
247 3366 427 3426 animarum
450 3365 554 3425 salute
575 3364 696 3452 fatigati
712 3373 744 3425 et
758 3363 828 3441 pul·

80 3481 148 3526 vere
177 3464 352 3540 sordidati,
381 3463 501 3541 quibus
529 3479 588 3539 per
615 3471 734 3522 terram
763 3464 865 3522 hucao

81 3559 214 3639 illucque
236 3561 408 3622 ambulasti
427 3561 563 3621 verbum
581 3559 667 3620 vitae
688 3558 828 3619 ubertim

436 3665 461 3706 41
