2194 4180
117 603 220 662 durus
242 611 274 662 et
299 602 455 663 terribilis
485 604 699 664 daemonibus
734 621 792 665 eos
821 621 874 672 ex-

118 700 280 776 pellendo.
323 699 352 761 0
376 717 472 777 quarn
496 701 686 762 misericors
708 702 875 779 paeniten-

117 796 215 872 tibus,
234 813 330 872 quam
347 813 485 858 severus
501 798 763 876 malignantibus,
778 817 873 876 quam

118 893 345 970 compassivus
384 894 534 970 afflictis,
570 913 666 974 quam
702 897 875 958 benivolus

118 991 300 1068 egentibus,
331 1009 428 1068 quam
452 994 674 1054 consolativus
702 995 898 1056 maerenti-⁵

117 1089 189 1149 bus.
216 1088 301 1165 Quis
316 1089 350 1149 in
366 1089 519 1151 omnibus
535 1101 599 1151 tarn
617 1091 724 1152 fidelis
739 1092 874 1169 amicus,

118 1195 183 1247 tam
219 1195 336 1261 potens
378 1188 506 1249 adiutor
548 1189 580 1248 in
623 1192 875 1254 necessitatibus

118 1283 257 1359 cunctis,
279 1284 365 1344 sicut
386 1294 421 1346 tu
438 1287 530 1346 Deus
551 1289 691 1349 noster?
732 1288 873 1366 Oquam

118 1397 271 1457 magnum
294 1383 446 1457 gaudium
471 1384 578 1446 fecisti
601 1387 770 1447 sororibus
793 1388 875 1463 istis,

118 1479 248 1556 quando
271 1479 435 1541 clamasti:
458 1482 589 1558 Lazare,
610 1483 686 1543 veni
703 1483 800 1544 foras.
837 1485 875 1545 Et
887 1504 911 1545 ro

118 1576 226 1637 statim
249 1577 387 1654 prodiit,
416 1577 472 1654 qui
496 1578 601 1639 luerat
623 1591 788 1656 mortuus,
816 1581 873 1641 tibi

119 1675 316 1750 oboedienS,
348 1675 541 1736 dominatori
570 1677 657 1738 vitae
688 1687 720 1738 et
750 1678 874 1738 mortis.

119 1772 248 1833 Deinde
270 1772 442 1849 discipulis
463 1774 529 1834 tuis
557 1785 721 1852 tamquam
743 1775 875 1836 vicariis

118 1869 184 1929 tuis
206 1869 387 1930 animarum
403 1870 587 1931 rectoribus
602 1871 728 1932 dixisti:
751 1871 874 1933 Solvite

118 1983 194 2026 eum
218 1974 249 2025 et
272 1965 369 2026 sinite
392 1965 491 2025 abire.
887 1986 912 2026 rs

158 2063 306 2140 Vtinam,
329 2063 485 2140 Domine,
507 2072 539 2123 et
561 2080 614 2124 me
636 2065 807 2125 absolvere
829 2065 875 2126 di·

116 2160 229 2238 gneris
251 2162 290 2221 ab
313 2161 466 2221 omnibus
488 2170 695 2237 peccatorum
725 2179 873 2224 meorum

116 2258 270 2334 vinculis,
291 2268 327 2318 ut
342 2257 466 2334 possim
483 2275 600 2318 secure
621 2258 704 2319 mori
727 2269 759 2318 et
781 2260 820 2319 ad
842 2269 874 2320 te

117 2358 277 2417 laetanter
286 2354 459 2432 pervenire
475 2364 506 2415 et
522 2373 596 2416 cum
612 2356 736 2432 angelis
751 2357 873 2417 sanctis

117 2465 151 2515 et
173 2453 278 2514 Maria
308 2464 340 2514 et
363 2453 492 2513 Martha
520 2470 652 2529 semper
679 2464 711 2513 te
740 2454 907 2516 laudarem

116 2561 151 2612 ct
172 2567 349 2627 numquam
372 2550 411 2610 de
434 2558 543 2610 cetero
565 2567 711 2626 peccare.
753 2549 870 2613 Amen.

319 2734 590 2811 [cnpmvovn
614 2735 664 2811 v.]

116 2868 164 2927 De
185 2884 302 2943 magna
324 2868 568 2943 compunctione
592 2873 726 2928 sanctae
746 2869 872 2929 Mariae

198 2965 413 3039 Magdalenae
434 2965 468 3024 in
486 2965 641 3040 passione
661 2965 800 3025 Domini.

117 3073 283 3294 {afflans
299 3141 431 3193 aeterna
451 3132 509 3193 tibi
525 3133 567 3193 sit
585 3143 616 3192 et
630 3134 742 3210 gloria,
764 3151 783 3193 o
805 3134 909 3194 dul-25

244 3229 378 3290 cissime
394 3231 470 3292 lesu
486 3230 632 3306 Christe,
654 3248 711 3306 pro
734 3231 874 3291 maxima

118 3328 289 3389 sanctitate
312 3327 437 3388 Mariae
460 3327 672 3404 Magdalenae
702 3337 733 3388 et
758 3329 874 3388 devota

117 3425 190 3486 eius
212 3424 443 3486 lamentatione
466 3424 499 3484 in
522 3435 577 3484 tua
598 3425 819 3486 sacratissima
841 3434 872 3485 et

119 3523 331 3586 acerbissima
361 3522 532 3599 passione,
563 3523 614 3582 cui
647 3539 711 3583 non
743 3521 874 3583 suffecit

474 3627 515 3670 247
