2118 4180
74 405 804 519 mulam&

66 614 117 657 sua
128 597 246 658 malitia
260 596 402 673 benigna
416 595 638 658 admonitione
655 611 810 656 revocare

66 695 216 757 studuisti.
533 767 534 770 Ἴ

99 792 201 854 Laudo
224 801 257 853 et
277 790 424 869 glorifico
441 799 474 851 te
488 807 547 868 pro
569 790 731 851 immensa
751 791 812 850 lar-

65 888 148 964 gitate
158 888 457 950 excellentissimae
470 887 619 962 caritatis¹
625 897 710 963 tuae,
726 886 812 964 quod

64 995 126 1060 post
138 1003 233 1047 esum
249 986 323 1063 agni
338 985 502 1063 paschalis
519 986 559 1046 ad
574 985 835 1046 terminandams

66 1083 157 1160 legem
179 1092 326 1144 veterem
348 1082 579 1159 pretiosissimi
607 1081 754 1159 corporis
781 1089 813 1141 et

66 1180 221 1256 sanguinis
238 1179 286 1240 tui
307 1188 547 1240 sacramentum
570 1179 604 1239 in
621 1178 812 1240 memoriam

66 1277 217 1351 passionis
247 1285 322 1336 tuae
357 1285 390 1336 et
419 1284 596 1353 perpetuae
628 1275 814 1337 dilectionis

66 1383 131 1435 tunc
146 1375 288 1452 primum
310 1373 479 1435 instituisti
495 1374 628 1434 tradens
642 1375 705 1434 hoc
727 1373 813 1434 idem

67 1481 294 1533 sacramentum
333 1471 400 1532 tuis
440 1471 623 1532 benedictis
664 1471 851 1532 manibusro

68 1569 229 1646 singularis
238 1567 550 1630 devotionisaffectu
559 1567 711 1628 omnibus
720 1565 815 1629 disci-

68 1668 143 1742 pulis
160 1668 199 1728 ad
214 1666 476 1728 manducandum
494 1665 658 1743 simulque
680 1665 762 1743 ipsis
783 1675 815 1726 et

69 1781 169 1825 eorum
192 1764 389 1843 sequacibus
410 1762 612 1841 presbyteris
633 1763 673 1822 ab
695 1763 744 1823 eis
766 1780 816 1823 or·

70 1859 207 1922 dinandis
231 1861 369 1922 formam
398 1861 576 1921 ostendens
602 1860 815 1921 consecrandi

70 1975 101 2016 ac
114 1959 265 2036 deinceps
280 1976 385 2036 usque
406 1958 439 2019 in
456 1957 554 2018 linem
570 1958 692 2018 saeculi
707 1967 852 2021 aucto-1⁵

71 2055 184 2117 ritatem
215 2057 345 2134 plenam
381 2055 529 2116 tribuens
559 2055 694 2116 missam
732 2055 817 2116 cele·

71 2151 181 2214 brandi.
626 2175 627 2178 ¹

105 2247 131 2310 Ο
160 2249 335 2327 singularis
370 2257 402 2309 et
437 2248 625 2311 admiranda
660 2248 816 2310 exhibitio

71 2346 218 2408 caritatis!
250 2346 279 2408 O
296 2347 565 2424 superabundans
580 2346 757 2407 liberalitas
772 2345 818 2406 di-

70 2441 155 2505 vinae
189 2443 365 2520 largitatiS‚
402 2444 457 2504 ubi
494 2445 630 2505 donator
660 2443 749 2505 venit
784 2443 854 2504 inno

71 2540 198 2619 donum,
224 2552 257 2603 et
279 2542 388 2602 datum
410 2541 541 2618 penitus
563 2541 649 2602 idem
672 2550 722 2602 est
744 2559 817 2602 cum

71 2636 189 2698 datorel
226 2637 256 2699 O
286 2638 382 2715 digna
410 2647 443 2698 et
470 2655 648 2715 numquam
677 2647 819 2714 praeter·

70 2735 217 2797 mittenda
238 2735 413 2811 memoria,
443 2735 477 2795 in
499 2753 563 2813 qua
583 2735 692 2796 anima
713 2735 819 2796 tidelis

70 2833 174 2894 recolit
195 2843 335 2894 mortem
364 2850 457 2893 suam
479 2842 639 2894 mortuam
667 2841 698 2893 et
719 2833 818 2893 vitam

71 2926 100 2987 in
119 2947 176 2990 suo
199 2931 335 3007 dilecto,
363 2947 461 3007 quem
491 2930 623 3008 accipit,
651 2929 856 2991 invenissem

71 3029 267 3103 perpetuaml
297 3027 327 3089 O
343 3036 457 3104 stupor
478 3045 578 3104 super
599 3036 765 3104 stuporem
788 3035 820 3086 et

71 3124 205 3185 suavitas
221 3141 321 3201 super
340 3141 470 3185 omnem
491 3125 683 3185 suavitatem
699 3124 820 3184 habere

73 3216 169 3280 Deum
185 3222 346 3284 veraciter
360 3233 577 3300 praesentem,
599 3223 738 3283 mirabili
759 3223 820 3282 sub

72 3328 265 3380 sacramento
288 3320 453 3396 latentem,
475 3337 572 3397 quem
594 3318 700 3396 angeli
717 3318 820 3378 sancti

71 3412 196 3476 adorant
211 3433 310 3493 supra
324 3434 361 3477 se
376 3418 538 3478 elevatum
561 3417 595 3478 in
614 3417 714 3492 caelo,
736 3399 858 3478 claraao

72 3512 174 3584 specie
195 3513 349 3573 omnibus
371 3523 590 3591 apparentem.

109 3617 198 3657 Romae
212 3631 227 3656 α
241 3619 270 3657 K.
285 3617 344 3660 Med.
428 3619 456 3659 49
702 3619 715 3658 4
