2118 4180
215 410 967 520 Q‘fflsmfflffi'ffi

207 597 352 660 monium
368 597 504 673 perhibe
520 599 560 658 de
578 600 673 673 malo,
695 599 722 658 si
745 607 852 659 autem
870 600 969 675 bene,

206 695 283 771 quid
313 711 365 755 me
395 693 531 754 caedis?
573 695 602 756 Ο
632 695 904 756 nefandissimum
935 707 968 757 et

205 791 401 852 vilissimum
431 807 581 867 servum,
612 792 667 868 qui
697 802 760 853 tam
792 793 966 854 amabilem

205 889 362 950 creatoris
393 889 444 949 sui
477 889 593 966 faciem
622 906 688 949 non
719 890 826 951 timuit
857 892 967 952 noxiis

182 986 355 1047 smanibus
389 986 459 1046 suis
489 987 679 1063 percutere!
723 987 752 1049 Ο
784 1005 880 1066 quarn
918 990 966 1051 in-

205 1084 345 1145 effabilis
375 1083 480 1143 virtus
511 1084 653 1144 lenitatis
689 1086 722 1145 in
756 1095 788 1145 te
819 1086 966 1163 emicuit,

205 1183 279 1242 lesu
302 1182 498 1257 venerande,
520 1181 574 1258 qui
597 1192 661 1242 tam
684 1182 875 1244 iniuriosam
892 1202 965 1260 per-

203 1279 391 1340 cussionem
427 1296 492 1339 non
533 1278 639 1339 subita
679 1280 964 1342 animadversione

202 1378 391 1453 vindicasti,
420 1377 478 1436 sed
500 1376 677 1437 deliberata
702 1378 809 1454 potius
836 1379 964 1440 ratione

168 1494 192 1536 ro
202 1475 369 1536 caedentis
391 1474 534 1535 animum
558 1475 738 1535 correxisti.

241 1572 363 1649 Aspice
385 1589 483 1647 nunc,
506 1571 631 1632 Christi
655 1571 771 1647 lidelis,
797 1580 828 1631 et
851 1573 963 1649 proha,

201 1689 241 1731 an
257 1689 315 1748 pro
337 1687 448 1732 amore
465 1670 539 1729 lesu
559 1669 658 1730 ictum
679 1669 712 1730 in
728 1669 858 1729 maxilla
874 1669 962 1730 ferre

200 1769 318 1844 possis.
349 1769 432 1828 Ecce
455 1767 482 1826 si
505 1784 570 1828 non
589 1768 680 1826 vales
699 1776 865 1827 austerum
888 1784 962 1827 ver-

200 1867 276 1927 bum
299 1867 371 1927 sine
393 1865 611 1926 commotione
633 1864 772 1942 perpeti,
794 1865 960 1940 quomodo

166 1976 190 2018 15
200 1963 382 2023 sustineres
397 1979 627 2039 percussuram
650 1962 826 2022 maxillae?
856 1962 960 2022 Doles

200 2061 239 2120 de
263 2060 394 2121 Domini
417 2060 463 2121 tui
486 2059 607 2120 iniusta
628 2059 789 2135 laesione,
811 2060 869 2120 sed
892 2077 960 2119 am-

199 2157 285 2233 plius
313 2158 506 2234 dolendum,
535 2159 620 2235 quod
650 2159 693 2218 ita
718 2158 895 2219 invalidum
925 2167 959 2219 te

199 2256 302 2316 sentis
333 2256 372 2316 ad
404 2255 556 2316 ferendas
587 2273 702 2332 parvas
733 2255 869 2315 iniurias
897 2272 959 2330 pro

198 2352 323 2414 Christi
347 2354 481 2414 honore.
526 2353 686 2429 Proponis
716 2352 827 2427 fortia,
856 2351 959 2412 medi·

161 2451 275 2510 attans
297 2452 436 2528 excelsa,
459 2451 516 2511 sed
532 2451 570 2510 ad
588 2450 725 2527 primam
741 2449 958 2510 conviciantis

197 2547 396 2621 perturbaris
418 2565 533 2608 vocem
560 2557 592 2609 et
619 2548 831 2609 infirmiorem
854 2556 885 2607 te
908 2547 958 2609 in·

197 2644 306 2720 venis,
335 2662 431 2721 quam
454 2646 598 2721 putabas.
642 2644 692 2706 Ad
720 2646 828 2706 lesum
858 2645 958 2722 igitur

198 2740 337 2818 coniuge
366 2751 398 2801 ct
424 2760 482 2819 pro
509 2743 628 2804 virtute
651 2743 824 2820 patientiae
846 2744 955 2820 ipsum

197 2839 298 2899 multo
321 2839 494 2901 instantius
517 2842 701 2917 deprecare.

159 2958 186 2998 as
237 2936 266 2997 Ο
284 2937 358 2998 lesu
374 2938 468 3012 bone,
490 2938 594 2999 virtus
610 2949 641 3000 et
657 2940 811 3001 fortitudo
827 2941 954 3003 animae

195 3035 381 3111 tribulatae,
411 3036 491 3096 doce
523 3054 576 3096 me
611 3038 798 3114 argutiones
833 3048 865 3099 et
899 3039 953 3099 ob·

195 3133 377 3194 locutiones
398 3134 572 3210 tranquillo
595 3136 692 3196 corde
714 3136 883 3212 suscipere
910 3149 954 3198 at·

194 3248 257 3308 que
284 3231 422 3291 iniustas
450 3232 601 3307 querelas
628 3241 739 3293 contra
761 3251 813 3293 me
840 3234 954 3295 citatas

193 3328 390 3406 indignando
420 3345 476 3387 ore
503 3344 569 3388 non
596 3329 784 3406 defensare,
813 3333 871 3392 sed
894 3334 953 3394 has

156 3427 261 3490 romiti
278 3426 411 3488 silentio
427 3425 570 3501 vincere,
586 3437 649 3502 aut,
665 3427 691 3486 si
709 3427 796 3504 loqui
816 3439 953 3508 oportet,

191 3532 281 3599 grata
303 3523 467 3584 sermonis
489 3524 670 3600 placatione
692 3526 889 3589 adversariis
905 3547 952 3590 re-

559 3629 586 3670 72
