2152 4174
197 629 375 683 amarescat
389 622 541 698 mundus,
564 641 637 683 cum
660 622 765 699 cogito
788 632 841 683 aut
861 624 952 699 lego:

198 720 292 780 Iesus
322 719 529 796 Nazarenus,
560 737 618 782 rex
649 720 853 781 ludaeorum.
897 720 952 782 Nil

197 817 317 893 quippe
340 817 414 877 Iesu
443 817 589 894 dulcius,
620 818 665 878 nil
694 817 875 893 salubriuS,
905 817 951 878 nil

197 915 374 976 efficacius.
418 915 472 977 Nil
494 916 665 979 Nazareno
692 914 877 990 candidius,
905 914 951 975 nil

173 1012 311 1089 spurius
332 1013 552 1090 sanctiusque.
582 1014 637 1074 Nil
659 1031 735 1091 rege
758 1014 952 1074 Iudaeorum

197 1110 346 1187 dignius,
381 1109 425 1171 nil
461 1112 646 1188 potentiuS,
687 1111 733 1172 nil
769 1110 954 1171 sublimius.

199 1208 318 1268 Nullus
334 1225 411 1284 ergo
426 1209 506 1269 mihi
523 1209 658 1270 obsistat
678 1209 842 1285 inimicus,
863 1209 955 1270 nulla

198 1306 319 1367 inliciat
341 1306 454 1383 pestis,
476 1324 537 1367 nec
559 1308 625 1367 ulla
646 1324 699 1367 me
721 1307 880 1383 opprimat
902 1324 956 1367 ca·

198 1404 336 1480 lamitas,
358 1421 432 1464 curn
454 1414 496 1480 te,
519 1404 612 1481 lesu,
635 1405 803 1465 humiliter
824 1404 956 1481 invoco,

164 1511 253 1566 roaut
274 1511 306 1562 te
328 1520 460 1578 passum
484 1504 609 1578 recolo,
638 1512 692 1563 aut
713 1502 842 1562 titulum
866 1503 957 1563 hunc

182 1608 308 1659 ‘mente
331 1607 363 1658 et
385 1617 441 1660 ore
463 1600 609 1661 rumino:
637 1600 730 1660 lesus
753 1600 958 1677 Nazarenus,

199 1713 255 1756 rex
279 1697 482 1757 Iudaeorum.

188 1847 193 1854 .
240 1793 269 1855 Ο
286 1794 361 1855 lesu
372 1811 500 1854 summe
511 1794 669 1870 amabilis,
691 1805 725 1855 tu
741 1813 777 1856 es
793 1813 849 1856 rex
860 1813 957 1858 meus

200 1902 232 1952 et
254 1893 346 1953 Deus
368 1909 462 1954 meus
484 1893 590 1954 dulcis
612 1903 644 1954 et
673 1893 956 1970 superlaudabilis.

166 2011 191 2054 ιε
202 1989 317 2051 Dulcis
345 1989 378 2049 in
406 1990 596 2066 praesepio,
626 1991 754 2051 dulcior
784 1991 817 2050 in
846 2007 958 2066 cruce,

200 2087 412 2149 dulcissimus
442 2088 475 2148 in
512 2089 602 2166 regni
638 2089 684 2149 tui
720 2089 813 2149 solio.
866 2089 957 2149 Licet

201 2185 289 2246 enim
311 2185 487 2246 crucifixus
508 2186 556 2245 sis
578 2203 617 2245 ex
635 2185 821 2246 infirmitate
837 2187 958 2262 camis,

200 2293 310 2344 tamen
330 2301 418 2345 nunc
440 2282 525 2344 vivis
547 2301 586 2344 ex
608 2284 728 2344 virtute
750 2283 811 2344 Dei
834 2284 958 2344 sedens

202 2382 241 2442 ad
263 2383 428 2442 dexteram
453 2381 558 2441 Patris
586 2399 687 2457 super
707 2397 838 2442 omnem
868 2399 958 2442 crea·

165 2489 306 2542 acturam
330 2480 489 2539 exaltatus
511 2478 544 2539 in
566 2479 706 2539 saecula.
749 2477 865 2538 Amen.

376 2678 647 2756 [cnmrvnvra
671 2679 784 2755 xxvi

203 2817 249 2876 De
269 2814 490 2891 compassione
504 2815 641 2874 materni
658 2813 778 2873 doloris
799 2818 831 2873 et
845 2818 960 2872 mutuo

204 2913 479 2976 commendatione
507 2913 621 2972 beatae
641 2911 767 2971 Mariae
794 2915 827 2970 et
853 2910 961 2970 sancti

500 3010 663 3069 Iohannis.

169 3105 451 3327 affienediw
468 3171 499 3222 et
513 3161 632 3238 gratias
647 3177 706 3237 ago
725 3159 794 3234 tibi,
817 3157 960 3218 Domine

330 3262 404 3321 Iesu
420 3259 565 3335 Christe,
580 3257 724 3319 omniurn
743 3256 960 3317 maerentium

167 3347 169 3352 ’
206 3360 406 3434 consolator,
437 3374 494 3434 pro
527 3366 583 3417 tuo
614 3356 766 3416 doloroso
798 3364 962 3430 respectu,

206 3475 270 3535 quo
306 3456 553 3517 dilectissimam
589 3463 725 3515 matrem
768 3461 855 3512 tuam
899 3450 960 3510 sub

208 3571 304 3616 cruce
336 3562 474 3614 stantem
506 3571 543 3613 ac
573 3552 674 3612 nimio
706 3564 853 3610 maerore
885 3564 962 3608 con·

569 3656 606 3697 rso
