2194 4180
101 590 194 666 gasti.
224 589 291 650 Ore
307 607 378 650 eam
394 589 601 666 benedixisti,
623 609 721 651 manu
740 593 857 652 sancti-

104 687 219 762 ficasti,
240 695 326 747 tactu
349 688 527 762 mundasti,
556 705 621 748 uno
642 690 733 750 brevi
757 691 856 750 verbo

102 801 231 861 aegram
255 784 376 844 sanasti
395 784 526 844 dicens:
549 785 645 845 Fides
666 796 721 847 tua
742 797 773 847 te
796 789 858 846 sal·

102 899 177 943 vam
201 882 287 957 lecit,
308 882 390 941 vade
418 881 452 940 in
479 899 568 958 pace.
612 882 641 944 0
671 884 765 944 dulce
786 901 858 945 ver-

103 981 181 1041 bum
213 996 252 1040 ex
290 995 347 1039 ore
379 978 440 1039 Dei
476 980 655 1056 prolatum,
688 982 790 1059 gratia
827 992 881 1043 ets

103 1076 329 1138 misericordia
343 1078 487 1153 plenum,
509 1093 640 1154 semper
654 1096 728 1140 cum
744 1098 859 1157 magna

103 1175 300 1254 gratitudine
323 1176 544 1236 recolendum.

146 1275 182 1334 ln
214 1273 348 1333 castello
377 1273 502 1333 lllariae
533 1282 565 1333 et
595 1274 744 1335 Marthae
775 1276 859 1337 sicut

103 1373 144 1432 ad
173 1371 296 1430 amicos
325 1370 473 1446 hospites
503 1370 646 1446 intrasti,
679 1371 722 1430 ibi
755 1373 859 1432 laetus

104 1478 262 1544 exceptus
297 1469 496 1544 pernoctasti
532 1478 564 1529 et
596 1465 760 1545 quievisti.
813 1472 858 1532 lbi
871 1490 895 1534 ro

104 1566 229 1627 certasti
252 1574 284 1626 et
303 1565 423 1641 bibisti,
445 1583 528 1642 quae
543 1567 600 1627 tibi
616 1570 861 1643 apponebantur

104 1674 138 1724 et
174 1663 344 1740 discipulis
380 1664 445 1724 tuis
481 1673 643 1741 tamquam
680 1666 794 1742 egenis
829 1676 861 1727 et

104 1761 267 1823 mendicis
289 1762 403 1822 obolos
428 1760 459 1821 in
482 1761 592 1821 bursis
620 1779 685 1822 non
715 1763 861 1823 habenti·

103 1861 178 1920 bus,
230 1858 276 1918 lbi
307 1860 417 1919 nullus
448 1861 607 1919 tumultus
639 1860 716 1936 fuit,
750 1862 861 1920 nullus

105 1959 239 2032 clamor,
261 1958 372 2016 nullus
387 1955 489 2032 iocus,
506 1958 617 2017 nullus
633 1958 729 2032 risus,
751 1957 861 2017 nullus
873 1975 897 2016 rs

106 2053 233 2115 otiosus
244 2070 353 2113 sermo
364 2062 414 2113 est
429 2054 568 2115 auditus.
599 2055 644 2114 lbi
661 2072 734 2114 cum
747 2071 862 2130 magna

106 2151 293 2211 reverentia
314 2161 346 2210 et
377 2168 503 2211 morum
534 2152 706 2228 disciplina
727 2151 861 2211 humilis

105 2248 262 2325 magister
284 2248 317 2308 in
340 2265 454 2309 mensa
482 2249 614 2325 sedisti,
642 2267 766 2327 pauper
787 2266 861 2308 cum

105 2347 305 2424 pauperibus
327 2347 507 2408 comedisti.
538 2347 584 2407 lbi
607 2349 709 2408 lector
728 2362 861 2406 mensae

106 2455 139 2507 et
161 2445 275 2504 doctor
304 2444 487 2520 theologiae
518 2455 552 2504 tu
584 2444 673 2504 luisti
706 2453 737 2504 et
763 2443 898 2507 verbam

105 2551 259 2604 aeternae
274 2541 360 2602 vitae
381 2558 440 2617 pro
456 2541 532 2601 vino
548 2541 662 2601 amicis
683 2539 862 2600 carissimis

105 2641 297 2720 propinasti.
352 2639 398 2699 lbi
431 2639 593 2698 Nlartham
624 2639 862 2699 ministrantem

105 2740 285 2817 prudenter
315 2737 454 2798 docuisti
487 2746 518 2796 et
549 2736 687 2796 lllariam
719 2734 864 2794 suaviter

9 2889 11 2898 .
105 2846 275 2896 vacantem
299 2843 330 2895 et
352 2835 391 2895 ad
413 2836 513 2895 verba
535 2835 601 2894 oris
623 2835 669 2894 tui
691 2833 864 2910 diligenter

105 2935 343 2994 auscultantem
366 2933 419 3009 pie
442 2933 605 2993 excusasti
629 2941 660 2992 et
682 2932 765 2992 altae
788 2947 899 2990 con-as

104 3029 326 3106 templationis
347 3029 419 3090 eius
439 3029 538 3089 vitam
567 3029 663 3105 digne
692 3043 857 3088 commen·

106 3128 188 3188 dasti
219 3145 332 3188 sorore
363 3127 435 3186 eius
466 3127 506 3187 de
537 3127 602 3187 otio
628 3127 752 3186 Mariae
784 3143 860 3185 con-

105 3235 281 3305 querente3
303 3234 335 3284 et
357 3225 436 3284 luda
458 3224 611 3284 traditore
633 3224 673 3283 de
695 3232 861 3300 unguento

106 3325 139 3384 in
167 3333 199 3384 te
227 3323 333 3384 effuso
361 3330 586 3382 murmurante
609 3321 746 3380 lllariam
776 3319 861 3380 iuste

9 3479 12 3500 ,,
106 3421 292 3484 defendisti.
347 3422 420 3497 lpsa
450 3419 636 3478 verecunde
667 3426 794 3477 tacente
823 3418 899 3477 adso

106 3521 233 3582 obiecta
262 3528 297 3580 tu
328 3536 387 3595 pro
419 3534 458 3578 ea
485 3516 633 3593 protinus
663 3513 862 3592 respondisti

465 3621 505 3664 ms
