2194 4180
232 593 316 653 stolo
346 602 420 668 tuo,
454 592 489 678 in
520 601 648 652 secreto
679 591 788 669 aliquo
819 592 892 653 loco
927 592 985 653 tibi

231 689 351 750 melius
372 707 469 767 quam
491 690 572 751 mihi
588 699 665 751 noto
687 708 746 767 pro
761 691 895 768 speciali
913 691 986 752 eius

232 788 354 848 solacio
377 788 439 848 sibi
461 797 539 850 tunc
560 789 655 849 valde
677 789 876 850 necessario.
919 789 986 867 Qui

232 885 319 946 enim
341 887 416 963 plus
437 887 628 964 offenderat,
656 888 730 964 plus
751 887 890 964 indiguit
911 904 987 948 con-

208 984 329 1048 ssolari
359 993 391 1044 et
419 984 575 1045 adiuvari.
618 985 738 1045 Nullus
765 985 883 1045 melior
910 1001 987 1044 con-

232 1083 353 1142 solator
387 1099 449 1142 nec
484 1081 648 1158 potentior
681 1082 810 1143 animae
847 1092 987 1156 curator,

232 1197 328 1257 quam
350 1189 396 1255 tu,
412 1180 497 1256 lesu,
520 1189 647 1241 creator
660 1189 773 1240 noster
788 1189 820 1240 et
835 1179 986 1241 salvator.

272 1277 405 1341 Gratias
426 1295 503 1355 ergo
525 1277 583 1338 tibi
606 1277 724 1354 relero,
749 1277 987 1354 benignissime

233 1378 307 1438 Iesu
337 1376 489 1451 Christe,
520 1375 666 1436 omnium
695 1375 921 1436 tribulatorum
953 1385 987 1436 et

197 1496 222 1538 ro
231 1475 397 1550 lapsorum
436 1473 583 1550 cognitor
619 1482 652 1534 et
682 1473 894 1549 reformator,
929 1472 986 1549 qui

232 1571 352 1632 erranti
384 1571 532 1632 oviculae
556 1572 653 1632 Petro
684 1570 880 1648 tempestive
910 1570 988 1630 sub-

231 1669 368 1745 venisti,
403 1686 445 1730 ne
480 1668 582 1729 nimio
613 1669 725 1730 dolore
756 1668 897 1729 afflictus
932 1667 989 1728 de-

232 1775 379 1843 speraret
409 1766 449 1826 de
471 1766 568 1827 venia
595 1775 649 1826 aut
680 1767 720 1826 de
745 1776 801 1827 tua
821 1783 988 1827 resurrec-

232 1863 320 1924 tione
336 1863 497 1924 dubitaret
511 1880 576 1924 non
592 1863 725 1924 invento
741 1881 834 1925 sacro
849 1880 988 1940 corpore

199 1988 223 2028 15
232 1970 288 2022 tuo
310 1961 344 2021 in
366 1962 551 2038 sepulchro.

274 2059 351 2119 Ideo
372 2059 458 2119 sicut
485 2059 560 2136 pius
582 2069 614 2120 et
635 2060 780 2137 prudens
803 2058 987 2119 animarum

232 2154 425 2215 alllictarum
449 2155 597 2216 medicus
619 2156 737 2217 misisti
760 2167 909 2218 sanctum
931 2174 989 2217 an·

231 2254 340 2330 gelum
371 2262 462 2313 tuum
493 2253 533 2313 ad
564 2255 798 2316 consolandum
830 2265 862 2316 et
892 2254 990 2316 redu·

232 2351 372 2411 cendum
406 2351 538 2411 Petrum
570 2351 603 2411 in
639 2368 732 2428 spem
763 2351 896 2427 veniae,
931 2351 990 2428 qui

195 2447 382 2510 aodulcibus
404 2449 515 2508 verbis
536 2449 707 2525 alloquens
730 2448 869 2509 feminas
890 2448 991 2509 iussit

234 2545 330 2604 Petro
353 2544 478 2605 dicere:
501 2543 588 2621 Cito,
610 2545 726 2622 inquit,
747 2554 864 2606 euntes
886 2543 988 2605 dicite

232 2642 403 2720 discipulis
433 2643 506 2704 eius
536 2652 568 2703 et
598 2643 712 2720 Petro,
742 2643 819 2720 quia
846 2642 991 2702 surrexit

233 2740 337 2800 lesus.

273 2835 302 2898 Ο
324 2838 420 2913 bone,
442 2847 554 2898 sancte
576 2837 708 2915 angele,
729 2855 826 2915 quam
847 2840 932 2900 bene
955 2849 989 2900 et

195 2944 321 3001 25recte
343 2934 528 3011 specialiter
551 2936 683 2996 Petrum
713 2936 889 2998 nominasti
911 2953 991 2996 con·

232 3042 326 3093 sueto
357 3032 490 3093 nomine
521 3049 539 3092 a
569 3033 710 3093 Domino
742 3032 804 3094 sibi
835 3032 992 3110 primitus

231 3129 384 3206 imposito
412 3128 445 3188 in
475 3130 653 3207 apostolica
681 3131 853 3192 vocatione
881 3140 913 3191 et
941 3130 993 3190 di·

230 3223 369 3304 gnitate,
399 3244 441 3288 ne
471 3229 660 3306 desperaret
691 3245 731 3288 ex
761 3228 846 3288 trina
877 3227 992 3288 dilecti

233 3325 364 3387 Domini
388 3335 420 3386 et
441 3326 587 3403 magistri
609 3326 660 3387 sui
683 3327 866 3404 negatione.
903 3326 992 3386 Nam

194 3424 369 3492 maudiens
399 3424 438 3483 ab
469 3426 585 3501 angelo
616 3441 652 3484 se
681 3423 842 3485 nominari
872 3432 904 3483 et
929 3439 995 3500 per
1093 3447 1094 3464 ¹

231 3531 361 3581 sanctas
402 3521 558 3581 mulieres
599 3521 813 3582 amicabiliter
853 3521 994 3582 salutari
1093 3585 1094 3588 ,

591 3625 632 3668 280
