2194 4180
221 367 962 483 &ronow

211 578 286 622 nem
301 560 445 637 perfidae
460 559 600 621 civitatis
617 560 794 622 Ierusalem
810 561 970 622 madenti-

210 658 272 718 bus
300 658 404 719 oculis
433 658 496 718 late
524 656 667 734 effusae,
698 658 758 719 etsi
789 659 970 720 incredulis

211 773 276 817 non
298 757 479 833 proficuae,
507 755 587 817 mibi
617 766 725 818 tamen
754 766 787 817 et
815 756 970 817 omnibus

211 854 419 916 credentibus
441 873 478 915 ac
500 857 627 918 devotis
645 855 782 916 multum
805 864 913 931 gratae
935 864 970 914 et

188 952 377 1013 samandae.

253 1050 332 1110 Peto
361 1068 437 1127 ergo
466 1069 526 1128 ego
555 1052 647 1129 piger
674 1060 707 1112 et
735 1050 969 1124 miserhomo,

211 1148 315 1209 cadite
344 1167 445 1226 super
472 1168 524 1211 me
551 1150 678 1211 abunde
701 1159 733 1210 et
754 1149 858 1209 lavate
880 1147 968 1206 clare

212 1244 327 1304 laciem
350 1245 477 1305 animae
492 1262 585 1306 meae
600 1246 639 1306 ab
655 1245 743 1305 omni
758 1253 967 1322 peccatorum

211 1343 307 1403 sorde
336 1343 447 1404 multis
477 1344 571 1404 malis
602 1343 806 1421 inquinatum
836 1344 870 1404 in
901 1351 970 1402 tota

176 1459 200 1500 ro
210 1441 276 1502 vita
297 1457 379 1516 mea,
402 1450 436 1501 ut
450 1440 640 1518 purificatus
655 1441 743 1502 intus
758 1441 875 1517 dignus
897 1440 969 1501 eili-

212 1537 278 1598 ciar
292 1537 405 1598 videre
426 1539 612 1616 speciosum
628 1539 753 1599 vultum
772 1538 877 1599 Patris
892 1555 968 1598 cum

211 1635 334 1712 angelis
350 1637 471 1697 sanctis
489 1636 522 1696 in
538 1637 647 1697 caelis.
677 1636 706 1698 O
723 1637 846 1698 utinam
869 1637 969 1698 inter-

211 1733 402 1794 cedentibus
425 1734 576 1795 omnibus
598 1735 720 1795 sanctis
738 1752 796 1811 pro
819 1751 872 1794 me
893 1743 969 1810 post

211 1831 309 1892 buius
339 1831 424 1891 vitae
459 1831 622 1893 tristitiam
658 1848 787 1892 merear
816 1831 967 1893 invenire

178 1950 202 1991 rs
211 1945 359 2005 magnam
389 1930 646 1991 misericordiam
669 1929 753 2007 apud
775 1929 897 1990 iustum
920 1930 968 1990 iu·

211 2026 316 2087 dicem
340 2027 517 2087 Dominum
540 2045 650 2088 meum
668 2027 776 2087 Iesum
795 2027 967 2089 Christum

210 2135 243 2185 et
264 2142 322 2201 per
344 2126 416 2186 eius
431 2142 555 2185 sacram
572 2125 758 2202 passionem
781 2135 814 2187 et
828 2136 967 2186 mortem

211 2224 308 2284 etiam
330 2233 403 2299 post
424 2226 610 2300 generalem
635 2233 837 2284 mortuorum
860 2241 970 2284 resur-

211 2322 389 2382 rectionem
419 2321 579 2382 introduci
603 2339 677 2381 cum
704 2321 819 2381 electis
840 2321 873 2380 in
897 2338 970 2382 cae·

173 2419 325 2482 aolestem
350 2419 537 2480 Ierusalem.
579 2418 696 2479 Arnen.

265 2592 312 2653 De
333 2593 474 2653 lacrimis
496 2594 610 2654 beatae
629 2594 756 2655 Mariae
776 2594 908 2670 virginis

468 2692 558 2752 iuxta
580 2708 712 2753 cmcem.

252 2815 282 2877 Ο
311 2815 401 2892 piae,
436 2825 567 2876 sanctae
603 2825 635 2875 et
669 2815 769 2876 nimis
797 2814 970 2875 dolorosae

211 2914 364 2974 lacrimae
405 2913 518 2974 beatae
558 2922 591 2973 et
630 2913 841 2974 intemeratae
883 2928 970 2972 sem·

175 3027 269 3086 25per
308 3008 444 3086 virginis
480 3009 625 3085 Mariae,
667 3027 750 3086 quae
792 3008 970 3070 elfluxistis

211 3108 250 3168 ab
272 3107 376 3167 oculis
398 3108 470 3168 eius
499 3107 532 3168 in
562 3107 614 3167 die
636 3124 832 3184 parasceues
859 3124 899 3167 ex
921 3107 970 3168 in·

211 3205 289 3265 tima
304 3206 530 3281 compassione
541 3205 612 3264 visa
623 3204 749 3266 Christi
765 3204 971 3265 amarissima

210 3302 363 3379 passione
394 3311 426 3361 et
457 3319 572 3378 cruce,
603 3319 622 3362 o
654 3318 749 3378 quarn
781 3318 879 3377 saepe
909 3318 971 3378 per

211 3418 311 3477 genas
330 3408 362 3460 et
379 3409 493 3476 pectus
509 3400 580 3461 eius
596 3417 700 3477 usque
717 3400 750 3460 in
766 3417 855 3459 oram
870 3399 969 3460 vesti·

175 3500 311 3565 somenti
335 3499 407 3558 eius
429 3498 620 3559 decurristis
641 3508 674 3558 et
694 3507 842 3559 sanctum
857 3498 967 3558 velum

571 3602 612 3644 270
