2142 4172
70 455 826 572 &Quam

70 647 227 722 singulari
244 647 366 707 solacio
381 665 442 708 suo
457 657 489 708 te
504 648 620 708 adesse
635 649 825 725 gaudebant.

71 745 237 822 Quotiens
252 745 339 807 enirn
351 745 589 807 conveniebant
609 748 648 807 ad
663 748 824 809 edendum

70 852 103 904 et
119 843 382 919 colloquendum,
404 842 548 919 praeibat
564 861 672 904 sermo
689 846 728 905 de
745 847 826 922 Deo,

71 941 112 1002 de
135 957 235 1017 regno
259 940 331 1016 Dei,
353 941 393 1001 de
420 957 517 1017 pace,
546 941 585 1000 de
608 943 757 1018 caritate,
786 944 825 1004 de

70 1038 248 1100 virtutibus
264 1049 296 1099 et
310 1039 491 1100 animarum
503 1039 625 1115 salute,
640 1039 680 1098 de
696 1040 849 1101 cibariiss

70 1154 152 1197 vero
175 1145 207 1196 et
229 1137 357 1213 poculis
385 1136 588 1213 apponendis
616 1137 724 1198 minor
749 1155 826 1198 cura

69 1244 105 1295 et
127 1235 290 1312 posterior
311 1235 462 1311 cogitatio
486 1235 556 1294 luit.
585 1234 706 1296 Omnia
727 1235 826 1313 siqui-

70 1334 147 1393 dem
163 1333 381 1393 communiter
395 1333 553 1392 habentes
575 1332 698 1408 privata
720 1342 752 1392 et
773 1350 827 1393 ex-

70 1431 194 1508 quisita
223 1431 347 1490 fercula
374 1447 440 1491 non
471 1430 680 1507 quaerebant.
724 1431 826 1491 Dives

70 1527 161 1589 enim
193 1537 225 1588 et
256 1527 426 1588 sufficiens
462 1537 511 1588 est
547 1529 731 1588 communis
762 1530 863 1589 vitato

71 1635 278 1702 sanctorum3
321 1635 519 1703 quaerentes
554 1636 661 1687 autem
698 1627 828 1703 propria

71 1725 224 1786 amittunt
253 1725 439 1785 communia
467 1726 552 1785 bona
583 1743 654 1785 raro
683 1725 827 1785 contenti

72 1824 113 1883 ab
136 1823 229 1882 intra.

115 1920 225 1979 Laudo
248 1928 280 1979 te
308 1921 502 1997 praecipue,
533 1930 665 1981 aeterne
698 1937 754 1979 rex
785 1920 828 1978 al-

73 2016 220 2094 tissime,
248 2035 307 2093 pro
330 2017 496 2078 caritativa
524 2018 579 2077 illa
601 2018 828 2078 convivatione
840 2034 864 2074 ιε

75 2132 151 2175 cum
172 2115 380 2190 pauperculis
402 2115 467 2174 illis
489 2116 645 2192 apostolis
666 2116 742 2190 tuis,
763 2133 828 2174 non

76 2230 151 2272 curn
174 2213 305 2290 regibus
332 2223 363 2273 et
392 2214 594 2290 principibus
623 2214 828 2274 sacerdotum

77 2327 138 2370 nec
161 2326 234 2370 curn
257 2309 413 2370 divitibus
435 2311 575 2386 saeculi,
604 2311 723 2387 quibus
754 2310 828 2369 odio

77 2407 167 2467 fuisti
191 2417 224 2466 tu
247 2416 279 2467 et
301 2407 451 2483 discipuli
474 2408 531 2482 tui,
553 2425 636 2484 quos
651 2408 691 2468 de
707 2407 828 2467 mundo

76 2504 204 2582 elegisti
220 2515 252 2566 et
267 2524 286 2566 a
300 2507 465 2567 consortio
476 2525 649 2583 pravorum
662 2508 829 2583 separasti.
840 2525 866 2565 20

119 2603 250 2666 Gratias
265 2604 333 2681 tibi,
344 2605 430 2681 quia,
445 2613 618 2682 antequam
634 2606 831 2666 ascenderes

77 2703 117 2762 ad
139 2702 258 2777 caelos
280 2702 418 2762 visitasti
442 2712 474 2762 et
489 2703 678 2762 confortasti
694 2702 832 2779 pusillos

76 2808 109 2861 et
131 2799 263 2860 timidos
286 2799 465 2876 discipulos
493 2810 567 2860 tuos
596 2801 682 2860 inter
709 2801 831 2861 saeculi

77 2898 197 2957 fluctus
233 2897 381 2972 relictOS,
416 2898 535 2974 quibus
570 2899 671 2958 multe
706 2908 833 2959 secreta

77 2996 233 3056 caelestia
254 2996 406 3056 revelasti
429 2997 469 3056 de
485 2996 671 3072 praeteritis
693 3006 725 3057 et
748 2996 869 3058 futu-2⁵

78 3095 134 3170 ris,
157 3104 191 3155 ut
213 3094 371 3154 consolati
393 3094 504 3154 verbis
533 3094 599 3154 tuis
627 3111 693 3153 non
715 3093 832 3153 delice-

77 3203 150 3254 rent
172 3193 206 3252 in
228 3192 375 3252 adversis
403 3209 461 3268 pro
490 3192 623 3251 nomine
651 3199 707 3250 tuo
736 3191 833 3251 susti·

77 3291 206 3352 nendis.

119 3389 229 3450 Laudo
260 3397 292 3448 et
321 3388 468 3466 glorifico
504 3397 552 3462 te,
585 3386 725 3447 Domine
759 3386 831 3445 lesu

78 3487 224 3563 Christe,
245 3487 359 3547 doctor
374 3486 495 3562 optime
511 3501 610 3560 super
625 3501 740 3545 omnes
760 3484 870 3547 doc-ao

74 3596 166 3646 tores
188 3583 382 3660 theologiae,
404 3600 463 3659 pro
485 3583 573 3643 omni
596 3583 715 3656 verbo,
744 3581 833 3658 quod

119 3691 213 3730 mama
227 3701 242 3729 a
256 3691 284 3729 a.
299 3687 358 3730 ner.
444 3685 485 3728 aar
699 3685 726 3726 n
