2152 4174
235 413 983 526 Qmonafflffi

229 603 401 664 dimittere.
456 602 587 664 Accede
617 603 716 680 igitur
747 605 909 682 intrepide
945 607 985 667 ad

229 717 371 776 crucem,
384 700 492 760 crucis
502 700 682 761 affectuose
692 710 788 778 tange
798 703 986 780 imaginem,

229 800 380 860 ardenter
401 799 608 875 amplectere,
630 798 766 860 firmiter
786 809 862 860 tene
882 811 916 862 et
931 802 987 862 de·
1071 799 1072 816 ,

228 895 398 956 votissime
427 897 585 958 osculare.
636 897 705 957 Illic
739 907 771 958 te
802 907 986 975 prosterne,
1071 923 1072 928 ¹

206 993 272 1054 sibi
294 994 374 1070 iace,
396 1004 501 1055 terrae
524 1003 655 1056 sanctae
674 996 824 1072 adhaere,
846 1013 864 1056 a
886 1013 986 1057 cruce

227 1109 293 1152 non
316 1093 443 1169 recede,
465 1101 500 1154 ut
517 1094 632 1153 saltem
648 1094 688 1154 de
704 1093 889 1154 destillante
912 1111 986 1154 san-

227 1190 326 1267 guine
347 1207 445 1250 unam
467 1190 624 1266 guttulam
647 1190 804 1251 merearis
824 1190 985 1267 accipere,

228 1297 282 1349 aut
303 1289 403 1349 verba
424 1288 464 1348 de
479 1303 577 1348 cruce
592 1287 757 1364 loquentis
779 1287 903 1363 audire,
926 1305 985 1349 seu

228 1386 409 1463 agonizanti
438 1385 472 1445 in
501 1384 566 1445 line
595 1394 750 1446 coastare.
797 1384 986 1462 Quaecum-

193 1501 291 1560 roque
319 1491 405 1544 terra
428 1483 536 1545 Iesum
566 1483 749 1559 susceperit
777 1483 985 1560 morientem,

227 1591 259 1642 te
276 1582 397 1658 pariter
411 1581 556 1658 recipiat,
574 1590 605 1641 et
620 1581 818 1657 ubicumque
833 1581 985 1656 sepultus

228 1678 326 1739 fuerit
349 1678 459 1754 Iesus,
488 1679 531 1738 ibi
554 1679 596 1739 sit
618 1687 650 1738 et
671 1688 745 1738 tuae
768 1677 985 1754 requietionis

227 1777 329 1853 locus,
352 1786 386 1836 ut
408 1793 482 1836 curn
505 1793 568 1853 quo
590 1775 648 1836 tibi
668 1793 754 1836 unus
770 1784 819 1836 est
837 1776 985 1852 spiritus,

227 1893 292 1936 una
313 1875 355 1935 sit
377 1884 408 1935 et
431 1874 577 1950 corporis
599 1874 775 1950 sepultura.

193 1994 218 2035 rs
268 1972 392 2033 Exhibe
419 1973 449 2033 ei
474 1971 715 2031 lamentationis
743 1971 907 2048 officium,
935 1972 985 2031 in-

225 2070 362 2145 gredere
384 2071 423 2130 ad
445 2071 553 2131 cordis
572 2070 618 2130 tui
635 2078 816 2145 secretum;
837 2069 985 2131 inveniat

227 2175 258 2227 te
277 2167 464 2229 Crucifixus
486 2169 575 2246 pium
598 2177 825 2244 maestumque
841 2167 984 2243 discipu·

227 2267 311 2342 lum,
339 2277 481 2343 gratum,
512 2267 666 2326 devotum
696 2273 727 2324 et
756 2264 920 2325 internum
946 2282 984 2324 ac

227 2382 377 2426 amorose
399 2367 432 2426 in
455 2365 525 2424 suis
546 2363 738 2424 vulneribus
763 2371 919 2436 tractum,
949 2370 984 2421 ut

190 2471 314 2526 aototus
342 2464 484 2523 mundus
512 2461 569 2522 tibi
599 2460 774 2521 crucifixus
803 2462 859 2536 sit,
887 2470 919 2520 et
948 2468 985 2519 tu

226 2561 359 2636 mundo,
381 2561 472 2620 solus
488 2559 643 2621 Christus
664 2558 721 2619 tibi
742 2558 854 2618 vivere
876 2557 929 2633 sit,
952 2567 985 2617 et

228 2658 384 2719 commori
414 2658 475 2718 sibi
505 2658 631 2718 lucrum
658 2655 845 2717 maximum.
888 2655 985 2715 Absit

227 2757 284 2818 tibi
312 2755 460 2832 gloriari,
490 2754 554 2815 nisi
585 2754 619 2814 in
648 2770 745 2814 cruce
773 2752 905 2813 Domini
934 2752 983 2812 tui

229 2853 302 2914 lesu
326 2852 462 2914 Christi.
504 2851 599 2912 Absit
627 2852 667 2912 de
693 2851 834 2928 propriis
855 2850 984 2911 meritis

190 2952 409 3027 asconlidere,
435 2949 512 3027 quia
533 2951 566 3010 in
589 2968 686 3011 cruce
709 2951 784 3010 Iesu
806 2957 873 3008 tota
893 2948 984 3008 salus

227 3057 282 3109 tua
304 3047 453 3108 consistit
475 3058 506 3109 et
528 3048 719 3124 redemptio,
740 3047 774 3107 in
796 3064 861 3124 quo
882 3054 983 3106 totam

227 3163 319 3224 spem
335 3156 422 3207 tuam
438 3163 560 3223 ponere
576 3146 677 3206 debes
693 3144 891 3205 firmissime.
919 3144 985 3204 Per

227 3259 323 3320 quem
347 3253 378 3304 et
400 3244 551 3305 remissio
571 3244 627 3304 tibi
650 3243 743 3304 datur
764 3251 985 3319 peccatorum,

227 3360 245 3402 a
275 3359 339 3419 quo
369 3343 473 3404 fluunt
500 3341 632 3402 divitiae
663 3341 871 3417 meritorum,
907 3357 982 3402 cum

189 3457 291 3516 eoquo
320 3449 396 3501 sunt
426 3440 570 3516 praemia
598 3439 757 3500 iustorum
782 3447 814 3499 et
836 3438 985 3499 redditur

228 3555 355 3598 merces
376 3539 522 3598 laborum
544 3555 603 3614 pro
625 3537 751 3597 meritis
768 3536 983 3613 singulorum.

590 3643 628 3684 ns
