2194 4180
415 645 687 722 [CAPITVLVM
710 648 776 724 vi]

220 794 267 854 De
288 794 374 854 laeto
396 799 428 854 et
438 794 496 869 pio
510 793 717 870 apparitione
732 794 849 856 Christi
867 813 979 857 coram

255 896 436 952 matresua
459 891 493 950 in
514 897 633 952 secreto
655 893 801 953 cubiculo
822 894 945 953 clauso.

298 1009 326 1038 q

221 1009 468 1231 &medico
488 1078 519 1129 et
533 1069 653 1146 gratias
668 1087 727 1146 ago
742 1071 810 1146 tibi,
833 1071 978 1132 Domine

197 1197 211 1236 5
352 1167 426 1226 lesu
449 1167 603 1243 Christe,
632 1166 676 1227 lili
704 1169 764 1228 Dei
797 1168 978 1245 unigenite,

221 1281 261 1324 ex
284 1264 389 1324 illaria
418 1263 544 1340 virgine
573 1282 632 1341 pro
654 1275 765 1326 nostra
794 1267 898 1327 salute
927 1265 977 1326 in·

221 1370 351 1422 carnate
373 1371 405 1422 et
427 1370 519 1437 nate,
547 1378 605 1438 pro
628 1372 683 1423 tua
703 1362 846 1440 gloriosa
866 1372 898 1423 et
920 1380 977 1423 ve·

221 1458 352 1518 rissima
373 1459 615 1520 resurrectione
637 1459 795 1520 hodierna
816 1460 868 1520 die
891 1461 978 1521 lacta

221 1566 253 1615 et
268 1555 442 1631 praecipue
464 1573 522 1632 pro
544 1565 599 1616 tua
614 1556 792 1617 laetissima
813 1568 845 1619 et
867 1575 977 1618 secre-

187 1652 348 1716 totissima
387 1653 604 1730 apparitione,
647 1671 710 1732 qua
752 1654 902 1732 dignatus
937 1673 976 1716 es

221 1749 448 1812 sanctissimae
458 1750 551 1811 matri
569 1760 644 1812 tuae
656 1751 781 1813 illariae
797 1752 829 1812 in
845 1763 976 1814 secreto

221 1847 372 1909 cubiculo
394 1849 510 1909 domus
525 1867 604 1910 suae
620 1850 724 1911 oranti
746 1860 778 1911 et
798 1851 974 1912 adventum

221 1957 312 2006 tuum
334 1947 472 2008 multum
489 1948 713 2009 desideranter
734 1957 766 2008 et
782 1947 978 2008 fiducialiter

221 2045 284 2104 iam
328 2046 511 2121 expectanti
552 2047 705 2123 primitus
748 2055 822 2107 ante
858 2063 976 2107 omnes

187 2166 212 2207 15
222 2151 352 2206 sanctos
374 2143 497 2204 amicos
518 2153 593 2205 tuos
615 2155 647 2204 et
668 2152 798 2204 sanctas
819 2143 977 2204 mulieres

221 2239 277 2300 tibi
309 2240 486 2302 Familiares
515 2250 546 2301 et
574 2241 711 2302 dilectas
739 2241 976 2318 benignissime

221 2354 387 2414 apparere,
408 2339 676 2400 reverentissime
691 2340 832 2399 salutare
847 2357 884 2399 ac
906 2339 976 2399 dul·

221 2437 354 2500 cissime
370 2435 530 2497 consolari
554 2446 586 2497 et
601 2435 785 2497 conlortare
805 2445 837 2497 et
859 2437 898 2497 de
920 2445 976 2497 tua

221 2533 380 2611 corporali
403 2533 642 2611 praesentiam
665 2534 748 2594 stola
765 2533 977 2595 iucunditatis

184 2643 253 2696 aoet
275 2630 527 2693 immortalitatis
547 2630 650 2707 gloria
670 2630 863 2708 plenissime
885 2630 976 2691 laeti·

222 2731 329 2792 ficare.

262 2831 334 2890 Hoc
357 2829 442 2890 enim
467 2828 556 2905 pium
580 2838 611 2889 et
633 2828 755 2889 iustum
778 2835 828 2888 est
857 2827 897 2887 de
918 2835 975 2886 tua

221 2928 339 3005 pietate
354 2926 477 2987 sentire
499 2936 531 2987 et
546 2944 604 3002 pro
620 2925 846 2987 sanctissimae
861 2923 975 2984 matris

221 3039 295 3088 tuae
326 3027 451 3086 honore
482 3025 634 3100 credere,
669 3025 724 3102 qui
755 3023 789 3083 in
821 3021 974 3082 omnibus

185 3123 376 3200 asoperibus
398 3121 463 3182 tuis
484 3121 559 3198 pius
581 3131 612 3182 et
627 3121 816 3183 misericors
832 3136 877 3180 es.
901 3120 974 3180 Hoc

221 3220 317 3282 etiam
341 3221 379 3280 ab
402 3219 553 3280 omnibus
578 3219 729 3280 fidelibus
757 3217 810 3294 pie
839 3217 974 3278 creden-

221 3321 297 3381 dum
320 3328 380 3394 est,
402 3317 457 3395 qui
479 3316 673 3394 praecepisti
696 3323 848 3393 parentes
871 3316 974 3374 hono·

220 3434 292 3477 rare
314 3425 346 3477 et
367 3416 479 3476 tristes
494 3413 666 3490 consolari,
687 3413 774 3490 quod
795 3411 886 3488 prior
906 3429 974 3472 om·

220 3515 310 3575 nium
354 3513 592 3573 sanctissimam
635 3520 772 3572 matrem
809 3519 895 3570 tuam
933 3509 975 3569 de

579 3616 619 3659 252
