2118 4180
84 411 810 522 Qffibnaafflffi

75 608 160 668 corde
180 607 342 684 inspicere
365 617 396 668 et
411 625 464 668 me
479 606 586 684 ipsum
604 608 662 669 tibi
677 608 816 670 interius

75 705 226 782 dedicare,
257 705 473 767 abiectionem
504 716 536 767 et
565 707 814 768 absconsionem

74 820 191 880 semper
217 805 352 881 diligere
381 813 413 864 et
441 805 481 864 de
510 805 622 865 mundi
647 806 745 865 rebus
769 814 816 865 to·

74 901 166 962 taliter
193 903 308 963 silere:
337 919 421 979 quae
448 912 504 962 tua
532 912 608 963 sunt
636 913 668 964 et
696 903 816 979 divina,

73 1015 187 1060 summo
202 999 366 1060 desiderio
389 999 539 1076 amplecti
562 1009 594 1060 et
609 1000 692 1061 intra
707 1001 837 1061 cordiss

72 1097 271 1157 secretarium
314 1097 573 1157 conversationis
615 1107 689 1158 tuae
730 1098 816 1158 clau·
858 1171 860 1178 Ι

72 1193 138 1254 dere
159 1195 287 1255 librum.

229 1395 499 1473 [CAPITVLVM
525 1395 639 1473 XVII.]

163 1519 211 1580 De
232 1519 426 1595 baptismate
446 1519 517 1579 Iesu
539 1523 571 1580 et
591 1524 700 1580 nostra

217 1616 475 1694 sanctificatione
496 1617 529 1677 in
551 1617 655 1692 aquis.
827 1632 851 1673 ro

73 1711 308 1932 &medico
324 1778 356 1829 et
369 1768 489 1845 gratias
506 1785 564 1845 ago
583 1767 652 1844 tibi,
674 1767 815 1828 Domine

191 1868 268 1928 lesu
279 1866 424 1943 Christe,
435 1867 509 1926 ions
519 1866 673 1926 bonitatis
683 1875 715 1926 et
725 1866 815 1942 origo

71 1962 227 2041 virtutum,
235 1981 293 2040 pro
305 1963 420 2024 humili
431 1963 641 2039 susceptione
650 1963 733 2023 sacri
742 1963 817 2039 bap·

71 2061 215 2139 tismatis,
243 2078 302 2138 pro
324 2059 514 2137 impletione
536 2060 644 2121 omnis
665 2059 818 2136 iustitiae,

72 2175 121 2232 pro
153 2167 334 2235 spontanea
368 2158 589 2219 submissione
628 2159 689 2219 sub
727 2175 855 2235 prae-rs

25 2295 28 2304 .
72 2257 204 2317 cursoris
226 2255 273 2316 tui
296 2255 463 2332 manibus,
492 2272 595 2332 aquo
624 2256 658 2316 in
681 2255 817 2316 Iordane

71 2353 209 2430 dignatus
240 2370 277 2414 es
307 2353 462 2430 baptizari
494 2371 692 2415 consecrans
722 2353 817 2414 nobis

16 2477 17 2484 κ
71 2451 209 2527 baptismi
240 2451 378 2528 fluenta,
406 2453 440 2513 in
468 2469 532 2530 quo
561 2451 689 2512 cunctis
717 2448 818 2525 bapti-

69 2551 181 2627 zandis,
203 2549 314 2626 parvis
335 2549 488 2611 videlicet
505 2559 537 2611 et
552 2549 688 2626 magnis,
709 2564 818 2608 exem-

16 2627 17 2640 *
70 2646 148 2719 plum
176 2645 337 2719 tribuisti,
367 2656 529 2723 quatenus
556 2645 744 2707 salutiferae
768 2661 854 2705 re·2o

69 2743 279 2816 generationis
310 2743 478 2804 humiliter
507 2743 687 2820 suscipiant
713 2759 818 2802 sacra-

69 2851 225 2919 mentum,
267 2839 295 2901 si
338 2841 490 2901 caelestis
527 2841 617 2918 regni
653 2839 817 2900 voluerint

70 2934 180 3000 intrare
201 2937 418 2999 mansionem.

103 3035 170 3097 Nos
197 3037 330 3115 quidem
359 3036 393 3096 in
421 3045 477 3096 tuo
501 3035 693 3111 baptismate
715 3033 814 3094 abluti

69 3147 193 3211 sumus,
228 3135 324 3196 nobis
356 3133 478 3210 profuit
509 3133 564 3193 illa
594 3131 855 3208 sanctificatio‚2s

69 3245 127 3290 non
146 3231 221 3309 tibi,
250 3232 305 3309 qui
334 3232 439 3292 labem
469 3231 593 3307 peccati
617 3233 739 3292 nullam
762 3233 817 3291 ha·

69 3326 168 3391 buisti.

104 3426 208 3488 Laudo
239 3436 272 3487 et
302 3426 483 3486 honorilico
514 3435 565 3501 te,
601 3443 619 3486 o
650 3442 815 3486 summum

70 3525 347 3600 venerandumque
387 3532 483 3599 caput
522 3522 678 3599 angelicis
718 3522 814 3582 etiam

423 3630 452 3671 ss
678 3627 709 3668 s·
