2194 4180
114 433 860 542 Qfflmafflffi

102 621 865 698 mmmmfflfflmmmmfflm

103 721 273 782 locutione
296 720 329 779 in
351 721 412 779 hac
434 720 561 779 mortali
583 720 659 795 vita,
679 720 808 796 quando
830 720 863 779 in

104 821 190 879 haec
218 819 291 895 piae
320 818 568 895 supplicationis
598 819 734 895 erupisti
765 819 865 879 verba

103 926 205 994 atque
227 918 314 977 hunc
334 916 582 977 devotissimum
598 915 797 976 versiculum
820 917 865 977 le·

103 1013 199 1090 gisti:
231 1014 343 1090 Pater,
371 1015 405 1074 in
427 1032 544 1075 manus
572 1024 645 1074 tuas
671 1015 888 1077 commendes

105 1110 259 1188 spiritum
288 1129 409 1172 meum.
453 1112 528 1189 Quo
558 1113 643 1173 dicto
674 1113 781 1173 statim
811 1130 865 1173 ex-

105 1208 222 1285 pirasti
238 1218 271 1269 et
281 1210 577 1286 peregrinationem
593 1219 756 1271 terrenam
772 1211 864 1271 suavi

105 1324 228 1384 sopore
249 1306 442 1368 terminasti.

150 1404 181 1466 0
212 1422 308 1482 quam
340 1406 483 1482 pretiosa
514 1417 545 1468 et
573 1407 748 1468 victoriosa
776 1424 865 1468 mors

105 1503 173 1564 ista
194 1502 271 1578 fuit,
302 1520 385 1580 quae
407 1513 544 1564 mortem
574 1515 718 1565 nostram
747 1505 900 1568 occiditio

106 1611 141 1661 et
164 1599 262 1660 vitam
285 1600 380 1660 nobis
395 1602 556 1678 reparavit
570 1612 745 1663 aeternam.
774 1603 865 1664 Sem-

106 1715 171 1774 per
199 1714 276 1775 ergo
312 1698 345 1758 in
381 1700 539 1760 memoria
569 1717 643 1760 mea
677 1717 766 1760 mors
800 1710 865 1775 tua,

108 1794 257 1871 Christe,
279 1795 341 1855 fixa
357 1807 556 1873 permaneat,
577 1815 735 1875 meaeque
751 1799 866 1858 mortis

106 1893 864 1972 immmfflmmmmmmmm

107 1992 282 2066 desperem
298 1991 442 2068 timidus,
457 2009 531 2053 cum
547 1994 627 2054 mihi
639 1994 866 2070 supervenerit
877 2014 902 2055 rs

107 2089 196 2149 vitae
218 2106 310 2149 meae
331 2089 406 2150 finis
421 2090 576 2151 incertus.
606 2091 697 2152 Haec
712 2101 762 2152 est
776 2094 866 2167 hora,

106 2203 207 2264 quam
239 2203 371 2263 semper
400 2188 434 2247 in
463 2197 573 2248 mente
601 2189 640 2248 ab
669 2188 761 2249 initio
790 2206 866 2249 con-

106 2284 272 2360 ceptionis
294 2285 453 2362 habuisti,
477 2286 516 2345 ad
538 2303 634 2363 quam
657 2287 741 2346 sicut
762 2287 866 2347 viator

106 2385 149 2444 ad
165 2383 300 2460 patriam
323 2393 356 2443 et
370 2384 502 2459 sapiens
516 2385 686 2460 operarius
708 2385 865 2445 ad·finem

106 2483 272 2542 intentum
294 2481 485 2558 properasti.
527 2481 556 2542 Α
578 2499 707 2542 summo
733 2483 901 2559 quidemao

106 2579 275 2639 caelorum
299 2594 452 2654 egressus
473 2589 550 2639 tuus
571 2579 605 2639 in
626 2580 795 2656 mundum,
826 2580 865 2640 de

105 2677 232 2738 mundo
254 2693 360 2752 usque
382 2677 422 2736 ad
444 2677 587 2752 inferos,
615 2677 653 2737 ab
676 2676 791 2736 inferis
813 2696 866 2737 us-

104 2792 173 2853 que
195 2775 235 2834 ad
258 2791 423 2835 summum
453 2775 534 2835 caeli
564 2777 717 2836 thronum
747 2777 864 2836 iterum

105 2872 283 2949 repedasfi.

152 2969 358 3032 Contristare
387 2987 474 3030 nunc
500 2972 731 3048 vehementer,
759 2972 902 3032 animazs

104 3086 192 3144 mea,
214 3085 316 3144 super
342 3068 557 3128 amantissimi
581 3068 712 3129 Domini
736 3070 796 3129 Dei
819 3070 866 3130 tui

104 3175 214 3227 morte
250 3165 470 3241 amarissima,
506 3166 693 3243 considera,
728 3168 866 3244 qualiter

106 3268 205 3327 lesus
227 3265 324 3340 obiit,
355 3274 387 3325 et
408 3282 492 3341 quae
514 3265 547 3325 in
570 3265 658 3324 exitu
681 3266 753 3325 eius
775 3265 867 3342 signa

105 3363 327 3440 contigerunt.
387 3363 471 3422 Ecce
522 3363 685 3440 quomodo
729 3363 867 3423 moritur

103 3463 234 3535 iustus,
264 3470 298 3520 et
327 3477 424 3520 nemo
455 3460 593 3537 percipit
624 3460 738 3536 corde3
768 3477 902 3521 nemoao

104 3558 284 3635 recogitat,
313 3557 418 3634 qualis
448 3574 485 3616 ac
513 3567 654 3634 quantus
682 3558 735 3617 hic
759 3557 865 3633 fuerit,

473 3661 508 3704 rai
