2152 4174
75 443 804 552 Qunam&

67 641 93 691 et
112 642 177 692 esto
199 633 233 692 in
256 633 328 692 loco
349 631 474 693 Christi
497 649 555 708 pro
577 631 712 708 pignore
734 633 809 692 sub·

66 730 145 789 tracti
181 729 249 790 lilii.
302 728 442 790 Confido
478 729 511 788 in
544 729 686 789 Domino
723 729 809 805 lesu,

66 828 140 903 quod
162 828 252 888 lratri
275 836 330 888 tuo
347 827 464 887 Iacobo
487 837 518 888 et
541 827 660 888 ceteris
682 837 809 904 aposto-

65 925 100 985 lis
118 926 269 987 omnibus
290 925 473 1002 peroptime
494 925 645 1001 placebit,
669 942 730 985 nec
752 925 809 985 ali-

65 1022 129 1098 quis
142 1022 321 1084 amicorum
336 1023 394 1084 tibi
410 1023 578 1098 invidebit,
600 1024 658 1084 sed
672 1023 832 1100 quilibets

66 1120 191 1180 devotus
213 1121 271 1180 tibi
293 1121 421 1197 placide
443 1121 668 1198 congaudebit.

99 1219 165 1279 Hoc
196 1236 350 1296 magnum
386 1219 566 1295 praemium
602 1218 721 1279 meruit
755 1229 811 1278 tua

65 1333 168 1394 magna
189 1317 284 1392 copia
305 1316 472 1392 virtutum,
496 1317 662 1393 perlectus
684 1316 810 1376 scilicet

65 1423 260 1491 contemptus
282 1413 412 1489 mundi,
440 1431 531 1474 amor
553 1415 638 1489 lesu,
666 1413 810 1474 suavitas

65 1529 192 1589 morum,
214 1512 384 1589 integritas
399 1511 578 1589 virginalis,
592 1511 809 1588 tranquillitas
822 1534 846 1576 to

64 1612 182 1688 mentis,
200 1611 333 1672 libertas
349 1610 487 1686 animae,
501 1609 625 1686 puritas
640 1609 810 1669 conscien-

65 1707 129 1784 tiae,
143 1709 287 1785 probitas
301 1709 397 1769 vitae.
426 1708 565 1784 Suscipe
581 1725 657 1784 ergo
673 1717 808 1768 matrem

66 1804 181 1867 Christi
204 1807 237 1867 in
259 1816 347 1869 tuam
375 1807 572 1881 custodiam,
601 1814 633 1866 et
660 1821 808 1882 magnam

66 1905 172 1966 exinde
212 1905 426 1982 consequeris
467 1904 611 1982 gratiam.
668 1902 809 1963 lllultum

66 2002 186 2076 quidem
210 2013 242 2063 et
264 2003 327 2062 alte
343 2002 427 2079 apud
443 2018 514 2062 eam
530 2000 692 2078 prolicies.
725 2000 808 2060 Nam
822 2025 847 2066 ιε

65 2101 164 2160 verbis
186 2100 276 2161 illius
297 2100 487 2176 instrueris,
519 2099 679 2176 exemplis
701 2097 810 2159 aedili·

65 2199 191 2274 caberis,
213 2197 415 2258 orationibus
430 2197 605 2273 iuvaberis,
620 2195 811 2256 admonitio·

65 2295 152 2356 nibus
166 2295 373 2371 excitaberis,
394 2295 526 2356 caritate
541 2293 741 2368 accenderis
755 2294 810 2353 de-

65 2394 186 2454 votione
215 2393 372 2468 traheris,
403 2392 676 2469 contemplatione
705 2392 811 2451 eleva·

64 2489 153 2567 beris,
173 2490 292 2568 gaudio
315 2491 514 2567 impleberis,
535 2490 662 2551 deliciis
684 2489 847 2564 afllueS,ao

65 2590 253 2650 caelestibus
284 2589 473 2664 perfrueris
524 2587 649 2648 Audies
683 2604 724 2647 ex
754 2603 811 2646 ore

64 2685 129 2746 eius
149 2684 260 2746 divina
282 2685 448 2762 mysteria,
476 2685 585 2745 disces
613 2683 812 2759 abscondita,

64 2784 219 2860 percipies
241 2782 410 2857 mirabilia,
432 2782 603 2858 intelleges
625 2781 811 2842 ineffabilia.

65 2879 105 2940 Ex
132 2882 205 2942 eius
229 2880 414 2957 praesentia
442 2881 562 2940 castior
589 2879 672 2955 eris,
700 2879 813 2956 purior

63 2978 282 3053 permanebis,
324 2977 468 3037 sanctior
502 2977 561 3038 lies
599 2976 848 3052 devotiorquezs

63 3075 294 3149 perseverabis.
346 3074 509 3151 Aspectus
545 3074 617 3134 eius
647 3073 813 3150 pudicitia,

63 3189 165 3234 sermo
176 3173 359 3249 prudentia,
375 3171 458 3232 actio
474 3171 606 3247 iustitia,
628 3172 724 3232 lectio
740 3171 812 3232 eius

64 3271 169 3347 lesus,
212 3269 379 3330 meditatio
416 3269 590 3344 Christus,
632 3269 811 3345 speculatio

64 3369 158 3429 Deus.
202 3369 312 3427 Decor
332 3368 443 3427 vultus
465 3367 537 3427 eius
558 3375 594 3426 ut
615 3367 671 3426 lux
685 3366 812 3441 emicat,

65 3466 158 3528 iacies
187 3465 260 3526 eius
282 3465 463 3526 reverenda
490 3463 570 3524 nulli
600 3462 720 3538 oberit,
748 3464 848 3523 ele-ao

64 3565 164 3638 gantia
186 3564 260 3625 eius
276 3562 456 3622 intuentem
473 3559 639 3635 castificat,
660 3558 812 3620 allocutio

421 3665 459 3708 iss
