2194 4180
245 587 325 645 haec
347 594 459 646 sancta
480 585 672 646 fidelissima
694 583 814 659 Maria,
847 583 932 644 sicut
955 584 1001 644 di-

245 683 323 742 lexit
353 691 385 743 te
416 683 449 744 in
481 682 562 758 vita,
594 682 638 742 ita
669 681 811 742 ostendit
843 680 937 742 factis
967 680 999 740 in

245 789 349 840 morte
371 789 426 840 tua
453 789 485 840 et
513 780 547 840 in
579 780 746 857 sepultura
778 796 852 839 cum
885 795 1001 854 magna

245 877 475 938 lamentatione
503 888 535 938 et
564 877 710 955 diligenti
733 895 819 938 cura.
863 876 917 936 Nil
946 893 1001 936 eo·

221 992 316 1038 srum
340 974 460 1051 omisit,
481 993 565 1051 quae
587 976 627 1036 ad
649 974 796 1036 officium
812 974 1000 1052 sepulturae

245 1072 328 1133 sacri
340 1073 487 1149 corporis
501 1073 548 1133 tui
559 1073 775 1150 pertinebant,
791 1071 1000 1146 involvendo,

245 1171 412 1247 ungendo,
442 1171 600 1248 tegendo,
632 1171 778 1248 ligando,
809 1169 999 1231 consuendo

245 1268 433 1330 linteamina
454 1279 486 1328 et
508 1269 675 1328 sudarium
698 1269 737 1329 ad
755 1269 925 1328 decentem
948 1283 999 1325 or·

244 1374 354 1425 natum
386 1382 479 1426 sacro
511 1366 607 1442 capiti
638 1377 693 1426 tuo
722 1374 913 1426 reverenter
940 1364 999 1425 im·

211 1463 405 1540 roponendo.
456 1464 543 1525 Inter
571 1465 652 1524 haec
682 1463 814 1524 assidue
847 1461 936 1523 flevit
968 1471 999 1522 et

245 1577 302 1637 pro
324 1560 446 1621 solacio
468 1561 590 1637 habuit,
612 1561 688 1639 quia
709 1561 766 1622 tibi
790 1561 945 1621 assistere
968 1569 999 1620 et

245 1657 338 1718 matri
369 1667 444 1718 tuae
475 1676 549 1719 cum
586 1659 705 1720 ceteris
741 1657 999 1734 obsequentibus

244 1755 360 1815 adesse
376 1757 556 1832 promeruit
577 1766 610 1817 et
625 1756 734 1818 omnia
756 1755 842 1816 circa
862 1764 895 1816 te
911 1767 999 1816 recte

245 1852 314 1912 heri
337 1852 426 1914 vidit.
456 1853 591 1930 Sepulto
614 1870 690 1930 ergo
706 1853 914 1914 sanctissimo
930 1869 999 1913 cor-

211 1973 235 2014 rs
245 1965 323 2025 pore
351 1960 407 2011 tuo
437 1960 469 2011 et
498 1952 558 2011 sub
582 1951 674 2012 lirmo
697 1951 864 2027 signaculo
887 1951 997 2011 clauso

245 2057 336 2108 ortus
358 2057 408 2108 est
429 2065 536 2109 novus
558 2049 650 2108 dolor
671 2057 702 2108 et
724 2049 883 2124 planctus,
905 2047 997 2125 quasi

244 2147 284 2206 de
307 2155 416 2206 cetero
445 2161 511 2205 non
542 2146 676 2206 deberet
706 2155 738 2207 te
769 2147 802 2207 in
833 2148 893 2207 hac
925 2147 997 2207 luce

244 2243 366 2319 videre,
382 2260 456 2303 cum
468 2260 533 2319 quo
544 2243 636 2320 prius
651 2244 763 2304 habuit
772 2254 836 2304 tam
848 2261 996 2321 magnam

243 2340 433 2401 societatem
464 2340 642 2417 spiritualis
671 2341 756 2401 vitae
787 2351 819 2401 et
847 2341 997 2403 laetitiae.

207 2438 315 2504 20Nec
349 2449 458 2498 tamen
494 2439 605 2498 clauso
641 2447 853 2499 monumento
889 2439 996 2500 statim

245 2535 399 2596 recedere
421 2535 525 2612 potuit
546 2553 565 2594 a
586 2536 669 2612 loco,
691 2535 723 2596 in
743 2553 808 2612 quo
823 2539 998 2597 thesaurus

244 2631 356 2693 mundi
378 2631 477 2692 iacuit
498 2633 725 2709 absconditus,
751 2633 809 2693 sed
832 2635 998 2710 usquead

243 2746 396 2790 occasum
411 2730 492 2791 solis
507 2731 640 2791 sedebat
656 2748 729 2791 cum
745 2732 858 2792 multis
870 2733 997 2794 devotis
1078 2727 1079 2732 ’

243 2827 436 2888 mulieribus
458 2829 674 2904 lamentando,
696 2829 799 2889 donec
819 2828 998 2890 delicerent

207 2924 395 2993 251acrimae
417 2923 450 2984 in
473 2925 522 2986 eis
544 2944 617 2986 cum
639 2927 815 3003 gemitibus
835 2928 997 2988 amorosis

244 3039 284 3082 ex
305 3022 420 3082 intimo
442 3024 539 3084 corde
557 3024 711 3101 profusis,
733 3024 818 3085 sicut
839 3024 996 3100 scriptum

244 3128 293 3179 est
313 3120 353 3179 de
375 3119 440 3180 eis:
464 3121 624 3182 Mulieres
645 3122 800 3183 sedentes
821 3122 860 3181 ad
884 3138 997 3183 monu-

243 3227 389 3278 mentum
406 3219 665 3279 lamentabantur
680 3219 797 3280 flentes
809 3219 996 3280 Dominum.

284 3313 409 3390 Oquis
438 3315 517 3374 mihi
548 3316 602 3375 det
630 3316 726 3376 talem
758 3317 878 3376 habere
911 3334 996 3378 com-

206 3410 429 3488 aopassionem
452 3411 485 3472 in
507 3413 693 3473 meditando
724 3430 849 3472 sacram
873 3414 995 3488 passio-

243 3524 318 3568 nem
357 3517 461 3583 tuam,
493 3510 633 3570 Domine
668 3511 712 3570 mi
745 3511 820 3571 lesu
852 3509 996 3586 Christe,

599 3613 640 3657 aso
