2194 4180
225 399 975 507 Qffffirmffiffl

218 587 305 662 luget
336 596 368 645 et
399 595 500 660 terra,
530 596 604 646 ante
636 586 729 647 cuius
760 596 977 662 conspectum

218 701 306 744 mors
329 683 426 760 fugit,
454 683 493 742 ad
516 682 610 743 cuius
638 700 752 744 vocem
782 683 900 743 mortui
924 701 978 744 re-

217 791 371 858 surgunt,
406 797 504 858 quem
532 780 682 841 videntes
712 790 823 857 portae
858 781 978 842 mortis

217 878 400 938 confractae
423 888 516 953 sunt,
546 878 640 938 cuius
661 878 877 955 praesentiam
907 878 978 938 dia-

194 977 311 1036 sbolus
334 976 420 1036 lerre
442 993 508 1036 non
540 986 664 1053 potest,
692 977 787 1037 cuius
808 977 976 1052 potentiae

217 1091 314 1134 nemo
337 1073 492 1133 resistere
514 1074 618 1148 valet,
640 1091 738 1150 quem
761 1084 903 1134 tremunt
926 1075 977 1134 in-

218 1169 289 1246 ieri,
313 1171 446 1230 adorant
469 1172 590 1248 superi,
612 1172 664 1232 cui
688 1172 835 1232 serviunt
856 1172 977 1248 angeli,

217 1269 394 1329 oboediunt
414 1269 617 1346 archangeli,
646 1269 740 1329 cuius
765 1269 908 1330 claritate
932 1269 977 1329 ir-

218 1367 359 1427 radiatur
380 1366 499 1426 limbus
528 1377 672 1444 patrum,
703 1368 894 1429 laetificatur
915 1385 977 1443 po-

152 1507 154 1510 -
182 1465 314 1540 ropulus
334 1474 530 1539 sanctorum,
553 1467 724 1526 solvuntur
738 1465 878 1540 vincula,
899 1481 978 1525 eru·

217 1570 316 1620 untur
350 1561 531 1621 animarum
574 1563 678 1640 spolia
719 1563 829 1622 multa.
885 1562 976 1623 Vere

218 1657 304 1717 lilius
325 1657 385 1718 Dei
408 1657 461 1718 hic
484 1669 562 1734 erat,
583 1660 627 1719 ait
648 1659 805 1720 centurio.
848 1659 977 1718 Videns

217 1772 357 1832 namque
388 1755 450 1816 iste
482 1757 613 1832 beatus,
643 1757 719 1833 quia
750 1757 797 1816 sic
829 1757 976 1817 clamans

217 1852 417 1929 expirasset,
447 1854 674 1914 animadvertit
704 1854 738 1914 in
768 1863 882 1915 natura
912 1855 975 1914 hu-

183 1974 207 2014 ιε
217 1965 312 2009 mana
333 1949 532 2010 invisibilem
547 1951 692 2011 habitare
709 1952 815 2011 Deum
830 1968 976 2028 moxque

218 2047 392 2106 confitetur
419 2048 479 2107 Dei
510 2047 630 2123 lilium,
658 2065 755 2125 quem
779 2048 888 2109 ludaei
917 2051 975 2110 de·

218 2145 364 2206 ridebant
392 2145 592 2206 crucifixum.
644 2145 674 2207 Ο
703 2146 802 2206 nimis
832 2146 975 2208 indurati

218 2242 338 2318 Iudaei,
360 2259 442 2319 quos
464 2259 525 2302 nec
547 2259 652 2319 poena
671 2242 823 2319 patientis
839 2243 976 2320 emollit,

217 2358 278 2401 nec
306 2341 435 2402 insueta
463 2342 609 2418 prodigia
636 2342 807 2402 morientis
838 2359 977 2404 conver-

181 2449 298 2499 aurunt.
340 2439 460 2500 Audite
482 2440 611 2499 tandem
634 2439 723 2500 surdi
747 2449 780 2499 et
799 2440 974 2503 intuemini

218 2535 317 2611 caeci,
339 2537 394 2613 qui
417 2536 546 2613 signum
562 2537 601 2596 de
624 2536 714 2596 caelo
730 2537 857 2612 petistis
878 2539 977 2601 vobis

217 2634 355 2694 ostendi.
399 2634 482 2694 Ecce
506 2633 587 2693 liunt
607 2633 700 2710 signa
721 2634 754 2693 in
784 2635 874 2694 caelo
902 2653 976 2697 sur-

217 2747 289 2790 sum
322 2741 354 2790 et
384 2731 417 2791 in
453 2741 539 2791 terra
570 2731 740 2807 deorsum3
777 2731 977 2795 famulantur

219 2829 353 2890 Christo
376 2831 538 2890 elementa
559 2830 682 2905 mundi,
709 2839 741 2889 et
761 2830 795 2890 in
818 2832 897 2890 hora
918 2832 976 2892 de·

180 2925 395 2986 aslunctionis
424 2928 496 2988 eius
526 2928 758 2988 contristantur
788 2931 912 3006 omnia,
942 2944 977 2993 et
1007 2985 1011 2990 .

217 3040 276 3083 vos
298 3023 409 3084 miseri
433 3025 554 3084 ridetis.
598 3024 681 3085 Nam
704 3026 752 3085 sol
782 3027 976 3089 obtenebre-

217 3121 278 3181 scit
289 3122 424 3181 meridie
440 3123 557 3181 nolens
572 3133 709 3183 mortem
728 3123 800 3183 eius
815 3124 975 3200 aspicere.

217 3218 316 3279 Terra
349 3229 574 3280 commovetur
608 3220 724 3296 pavide
762 3239 827 3282 non
859 3224 975 3285 valens

219 3316 279 3376 Dei
319 3316 470 3376 iniuriam
512 3317 607 3377 tacite
650 3317 799 3380 sufferre.
857 3320 975 3383 Petrae

180 3413 412 3474 aoscinduntur
432 3413 537 3474 valide
560 3424 592 3474 et
614 3414 687 3475 altis
702 3417 896 3477 stridoribus
911 3436 975 3480 suo

217 3510 391 3570 condolent
413 3512 559 3571 creatori.
602 3512 719 3572 Velum
749 3514 860 3591 templi
886 3516 975 3576 scin-

578 3617 615 3658 rsr
