2194 4180
245 412 1008 532 Quaem&

237 610 311 672 tatis
342 627 441 687 opere
472 608 506 669 in
538 607 683 669 Christo.
733 606 902 684 Regratior
932 605 992 666 tibi

236 707 374 767 multum
394 717 427 767 et
441 706 672 766 recommendo
688 705 886 764 excellenter
900 713 991 765 tuam

236 803 454 878 nobilitatem,
485 801 632 879 eoquod
662 802 781 862 feceris
809 803 893 862 hanc
920 819 991 862 rem

236 899 325 960 omni
336 902 460 961 honore
472 899 706 977 dignissimam,
721 899 872 976 quianon
884 900 992 959 solum

213 998 345 1073 spetisti
368 1016 386 1057 a
406 997 509 1056 Pilato
531 996 712 1073 sepeliendi
734 995 910 1072 licentiam,
932 996 991 1056 sed

236 1094 332 1155 etiam
355 1095 521 1170 proprium
538 1093 567 1153 ei
592 1094 748 1170 aperuisti
769 1094 992 1170 sepulchrum,

236 1193 323 1270 quod
346 1193 404 1253 tibi
428 1209 601 1269 paraveras
625 1193 664 1253 ad
693 1191 932 1269 repausandum
956 1191 990 1250 iu

237 1308 276 1351 eo
311 1299 384 1367 post
418 1298 566 1350 mortem.
618 1289 647 1350 O
683 1288 795 1366 quanti
826 1288 990 1349 existima-

236 1389 282 1449 vit
303 1398 335 1449 te
359 1390 460 1464 Deus,
482 1397 517 1448 ut
538 1387 623 1464 apud
644 1395 676 1446 te
699 1386 834 1462 eligeret
856 1383 989 1462 sepeliri

202 1509 227 1551 10
237 1501 313 1561 prae
335 1484 462 1544 cunctis
476 1484 589 1545 mundi
612 1483 703 1560 locis,
725 1483 759 1543 iu
779 1483 873 1543 cuius
895 1481 991 1542 nimi·

236 1601 308 1643 rum
330 1590 490 1659 potestate
513 1590 604 1642 erant
627 1597 743 1641 omnes
771 1581 855 1640 lines
882 1589 990 1640 terrae

236 1688 267 1740 et
289 1696 372 1756 quae
394 1678 475 1739 caeli
497 1678 618 1738 ambitu
645 1676 863 1738 continentur.
907 1677 989 1738 Dico

235 1777 303 1853 tibi,
325 1777 469 1837 virorum
492 1775 731 1852 illustrissime,
762 1776 849 1852 quod
870 1774 989 1835 exinde

236 1875 302 1934 eris
323 1876 408 1951 apud
431 1876 536 1935 Deum
567 1882 598 1934 et
620 1873 772 1934 homines
800 1874 991 1947 honoratus

201 2000 226 2041 15
235 1973 388 2048 quamdiu
404 1972 531 2033 steterit
545 1972 698 2047 mundus,
719 1980 752 2031 et
767 1969 911 2030 fidelium
933 1969 990 2029 flo-

125 2059 128 2066 “
235 2070 336 2129 ruerit
359 2087 526 2130 numerus.

276 2166 343 2226 Erit
365 2167 452 2227 enim
474 2168 537 2226 hoc
559 2166 746 2226 venerabile
775 2164 988 2241 sepulchrum

234 2279 311 2339 prae
333 2263 485 2323 omnibus
513 2273 699 2324 sanctorum
729 2280 765 2322 ac
795 2276 907 2338 regum
937 2277 989 2320 se-

234 2361 391 2437 pulchris,
411 2361 589 2438 gloriosum
606 2361 709 2438 magis
725 2370 757 2420 et
772 2358 919 2419 inclitum
943 2366 990 2417 at-

197 2476 297 2535 zoque
320 2459 353 2518 in
375 2468 442 2518 toto
465 2460 542 2519 orbe
564 2469 723 2520 terrarum
746 2456 909 2518 celebrius
931 2447 989 2515 n'o·

234 2557 402 2617 minatum.
417 2556 560 2617 Venient
569 2557 609 2616 ad
619 2558 707 2616 hunc
719 2556 825 2615 locum
837 2563 987 2614 sanctum

233 2654 442 2714 invisendum
474 2655 513 2714 de
546 2653 701 2713 extremis
733 2653 852 2712 linibus
880 2660 988 2711 terrae

233 2751 396 2827 peregrini
411 2750 504 2811 multi
527 2760 559 2811 et
574 2750 752 2811 adorabunt
774 2750 807 2810 in
824 2750 896 2809 loco
912 2749 988 2823 isto,

233 2849 287 2908 ubi
311 2848 472 2925 requievit
493 2865 612 2924 corpus
636 2847 778 2907 Domini.
822 2848 885 2907 Hic
908 2864 988 2923 ergo

196 2969 224 3010 25
234 2946 382 3022 sepultus
397 2956 447 3006 est
462 2946 566 3022 lesus,
589 2945 641 3005 hic
656 2945 783 3022 positus
805 2954 855 3004 est
871 2942 989 3004 Cruci·

234 3045 334 3120 lixus,
363 3043 415 3103 hic
438 3043 633 3102 lamentatus
663 3051 713 3102 est
744 3041 988 3116 amulieribus,

233 3143 286 3202 hic
302 3140 483 3202 custoditus
499 3149 577 3200 esta
592 3140 760 3215 militibuS,
775 3139 829 3200 hic
844 3137 988 3199 surrexit

231 3238 326 3300 tertia
347 3238 399 3298 die
416 3237 581 3314 Christus,
603 3238 655 3298 hic
671 3238 763 3298 visus
782 3247 832 3298 est
847 3255 865 3296 a
880 3237 988 3297 Maria
1081 3257 1082 3324 j

232 3338 425 3414 Magdalena
447 3336 557 3411 lesus,
586 3337 639 3396 hic
661 3335 808 3413 apparuit
830 3336 869 3395 de
895 3335 987 3394 caelo

195 3435 366 3510 maugelus
390 3432 539 3508 Domini,
567 3432 619 3493 hic
641 3433 802 3510 perterriti
833 3442 910 3493 suut
932 3450 987 3493 cu·
1081 3495 1082 3524 ,

232 3532 342 3591 stodes
357 3530 523 3607 sepulchri
535 3540 566 3590 et
577 3532 652 3592 facti
664 3540 740 3592 sunt
750 3532 839 3590 velut
854 3529 987 3590 mortui.
1081 3563 1082 3566 =

590 3635 630 3677 210
