2118 4180
211 597 338 656 modico
363 614 461 672 passu
489 614 549 672 per
576 596 764 656 interiorem
794 595 975 656 coniormi-

211 705 308 754 tatem
331 695 455 755 valeam
479 695 745 770 correspondere.

412 903 682 980 [cnrrrvtvn
706 902 773 978 vn]

310 1036 480 1096 Derelictio
502 1035 632 1095 Domini
654 1036 722 1094 lesu
744 1040 776 1094 et
790 1036 872 1110 fugo

188 1160 202 1200 5
474 1134 702 1208 apostolorum.

211 1227 456 1448 &medico
479 1294 510 1345 et
531 1284 650 1361 gratias
664 1301 723 1360 ago
739 1283 806 1360 tibi,
830 1282 974 1342 Domine

335 1383 409 1442 lesu
422 1382 565 1456 Christe,
580 1391 691 1457 pastor
704 1383 789 1441 bone
804 1379 975 1458 magister-

211 1497 274 1556 que
290 1480 440 1556 benigne,
459 1496 517 1555 pro
533 1488 588 1538 tua
603 1478 743 1538 maxima
758 1478 973 1538 derelictione

212 1593 271 1638 seu
293 1577 494 1637 desolatione
515 1577 548 1636 in
571 1577 626 1637 illa
654 1586 798 1637 extrema
826 1577 973 1636 necessi-

178 1694 203 1736 ιο
214 1684 286 1750 tate,
299 1676 427 1752 quando
443 1674 481 1733 ab
497 1674 649 1734 omnibus
660 1674 830 1750 discipulis
841 1684 872 1733 et
883 1674 973 1734 notis

212 1773 277 1832 tuis
298 1772 383 1832 inter
404 1773 517 1832 hostes
538 1772 751 1832 saevissimos
767 1771 856 1832 luisti
879 1772 973 1831 solus

213 1871 397 1931 derelictus.
427 1870 510 1930 Nam
528 1870 644 1930 iratres
664 1870 710 1930 tui
733 1880 765 1929 et
787 1869 882 1929 amici
899 1886 974 1945 spe-

213 1968 398 2043 cialissimi,
426 1968 480 2044 qui
510 1985 568 2044 pro
597 1978 629 2028 te
658 1967 740 2027 mori
770 1977 801 2027 et
830 1967 974 2028 animam

214 2067 290 2126 dare
312 2065 563 2142 spoponderant,
585 2065 779 2125 adveniente
794 2065 975 2126 necessita·

179 2182 204 2225 ιε
213 2163 255 2222 tis
270 2163 406 2222 articulo
421 2179 536 2223 omnes
552 2163 649 2223 simul
665 2174 697 2223 te
712 2164 842 2224 deserto
861 2164 972 2241 fugam

213 2271 419 2337 acceperunt.

255 2358 363 2418 Laudo
392 2367 424 2418 et
445 2357 626 2419 honorifico
656 2367 687 2418 te
715 2375 773 2434 pro
802 2358 857 2418 illa
886 2376 973 2419 com-

213 2455 366 2531 passione
397 2455 525 2531 poenali
558 2455 666 2515 cordis
696 2456 763 2531 tui,
799 2472 862 2532 qua
898 2474 974 2516 con-

214 2552 345 2612 doluisti
382 2552 616 2628 discipulorum
653 2563 782 2614 tuorum
814 2555 973 2614 scandali-

177 2649 332 2714 zozationi
359 2659 391 2709 et
415 2649 596 2726 discursui,
625 2651 753 2728 quando
782 2661 813 2712 te
842 2662 972 2728 pastore

214 2745 246 2804 in
276 2746 383 2806 medio
412 2747 562 2822 luporum
592 2748 698 2824 posito
730 2749 776 2808 illi
806 2758 968 2827 tamquam

214 2861 293 2905 oves
314 2846 432 2923 gregis,
453 2844 538 2904 sicut
560 2845 609 2905 eis
630 2846 828 2923 praedixisti,
850 2845 884 2906 in
900 2865 971 2924 pro·
1056 2911 1057 2918 ,

215 2942 283 3017 pria
314 2951 389 3002 sunt
420 2942 569 3018 dispersi.
622 2943 651 3004 Ο
683 2953 802 3022 quanta
832 2944 971 3021 tristitia,

215 3051 355 3116 quantus
377 3041 469 3100 dolor
496 3051 529 3101 et
550 3041 691 3118 gemitus
719 3042 753 3102 in
780 3042 877 3102 corde
906 3054 971 3104 erat

178 3159 206 3203 a
215 3136 459 3215 discipulorum,
475 3155 548 3199 cum
560 3139 727 3200 dominum
739 3148 771 3199 et
780 3140 969 3216 magistrum

215 3251 321 3310 suum,
343 3252 440 3312 quem
463 3236 615 3296 omnibus
637 3237 760 3297 relictis
783 3237 887 3298 secuti
905 3238 970 3299 iue-

216 3341 295 3406 rant,
317 3341 381 3392 tam
404 3333 565 3394 violenter
588 3352 607 3394 a
629 3351 665 3394 se
687 3334 755 3394 tolli
778 3343 810 3395 et
832 3334 865 3395 in
888 3354 971 3397 mor-

215 3439 279 3490 tem
302 3431 385 3489 trahi
406 3431 643 3507 conspicerent.
674 3431 738 3492 Sed
753 3441 798 3506 tu,
821 3433 970 3508 Domine,

215 3527 269 3603 qui
293 3528 402 3587 omnia
423 3529 507 3588 nosti
531 3538 563 3589 et
584 3529 666 3588 nihil
689 3529 760 3588 sine
783 3546 882 3589 causa
902 3531 968 3592 fleri

579 3635 606 3674 68
