2194 4180
402 596 674 676 [CAPITVLVM
700 597 816 674 V1111.]

311 733 357 792 De
379 730 520 792 utilitate
540 736 572 791 et
590 730 697 807 gratio
720 734 906 792 sanctorum

501 829 716 890 lacrimarum.

230 924 449 1145 &anctae
478 990 510 1041 et
539 981 674 1042 devotae
704 981 857 1040 lacrimae
886 981 988 1058 repri-

206 1105 219 1145 5
357 1087 449 1140 munt
472 1079 579 1140 carnis
602 1079 770 1155 impetum,
794 1078 988 1156 extinguunt

230 1179 295 1240 iras
317 1177 440 1252 litium,
468 1178 576 1237 lavant
595 1178 691 1253 gulae
712 1176 846 1252 vitium,
870 1177 988 1237 tollunt

229 1274 415 1353 superbiam
434 1274 614 1349 oculorum,
635 1274 737 1334 vitant
752 1273 988 1350 vaniloquium,

230 1382 391 1452 quaerunt
421 1381 602 1446 secretum,
637 1371 775 1448 diligunt
808 1370 988 1448 silentium,

168 1545 170 1550 ,
230 1471 386 1533 orationis
401 1471 575 1548 impetrant
591 1472 742 1533 fructum.
772 1473 895 1549 Fugant
917 1489 988 1531 cor-

194 1594 218 1635 ιο
229 1570 318 1647 poris
353 1570 455 1631 otium
490 1570 618 1631 animae
653 1570 827 1646 nocivum,
868 1580 988 1631 necant

229 1668 452 1744 mendacium,
481 1669 589 1729 iocum
619 1678 651 1728 et
679 1668 792 1729 risum.
844 1668 988 1729 Pensant

229 1765 344 1825 mortis
367 1766 497 1841 horam,
518 1765 630 1826 iudicii
653 1767 840 1842 horrorem,
865 1765 985 1826 infami

229 1863 384 1924 dolorem.
428 1864 583 1925 Minuunt
603 1863 842 1940 purgatorium,
866 1873 987 1941 augent

229 1960 314 2020 vitae
336 1959 499 2035 meritum,
521 1959 673 2037 frangunt
687 1960 805 2021 diaboli
821 1961 987 2037 laqueum,

194 2083 219 2124 rs
228 2057 363 2118 vincunt
378 2057 490 2118 mundi
506 2057 689 2134 strepitum,
708 2058 891 2135 perducunt
906 2057 987 2119 flen-

228 2164 293 2215 tem
315 2155 354 2215 ad
377 2172 513 2232 regnum
540 2157 714 2216 caelorum.
759 2156 880 2217 Delent
901 2156 987 2216 mala

227 2252 410 2328 praeterita,
432 2262 625 2330 recuperant
646 2254 731 2313 bona
752 2253 881 2314 amissa.
920 2254 987 2314 Do-

227 2359 302 2411 cent
330 2368 446 2412 cavere
475 2350 637 2428 pericula,
667 2368 800 2412 manere
829 2350 862 2410 in
893 2352 986 2428 cella,

227 2448 335 2524 legere
365 2449 398 2510 in
428 2449 557 2525 codice,
588 2448 732 2509 scribere
760 2449 862 2524 bene,
890 2466 986 2510 orare

189 2563 334 2623 aosaepe.
358 2546 565 2608 Conservant
576 2554 807 2622 compunctum
823 2545 857 2605 in
872 2545 986 2622 gratia,

226 2643 401 2705 laetificant
422 2643 574 2704 devotum
597 2643 637 2703 de
659 2651 792 2703 aeterna
812 2642 924 2719 gloria.

267 2740 296 2802 O
319 2741 393 2818 quis
422 2740 501 2801 mihi
531 2739 650 2801 tribuat
676 2740 760 2800 hanc
782 2739 917 2817 gratiam
940 2741 985 2801 la-

226 2838 400 2899 crimarum
437 2837 634 2898 creberrime
670 2837 813 2912 sentire,
856 2837 984 2898 cautius

227 2937 391 2999 custodire
413 2945 445 2996 et
466 2936 624 3013 perditam
646 2935 842 3013 paenitendo
864 2935 983 2996 iterum

189 3035 394 3113 zsrequirere
423 3041 455 3094 et
477 3033 663 3110 quaerendo
688 3033 786 3094 citius
806 3032 984 3094 invenire?

267 3134 332 3212 Qui
355 3133 444 3209 cupit
459 3133 521 3192 hoc
536 3132 657 3193 donum
674 3132 794 3193 habere
812 3140 844 3192 et
859 3139 984 3207 tenere,

225 3232 321 3293 debet
349 3232 433 3291 maia
461 3248 521 3290 sua
549 3228 660 3290 stricte
689 3229 853 3306 inspicere
881 3237 913 3288 et
941 3228 982 3288 de

224 3328 319 3389 bonis
349 3329 419 3388 Deo
448 3326 562 3388 intime
591 3326 757 3403 regratiari
787 3335 883 3403 atque
909 3342 967 3402 pro

226 3421 325 3487 funde
340 3442 376 3485 se
392 3424 574 3485 humiliare.
601 3425 813 3484 Laboriosum
829 3432 880 3483 est
894 3423 982 3483 istud

188 3541 215 3582 ao
225 3532 257 3583 et
267 3523 465 3596 dolorosum,
480 3521 538 3581 sed
549 3531 657 3580 tamen
669 3521 763 3581 valde
776 3520 980 3581 fructuosum

582 3625 623 3668 asa
