2144 4168
533 514 698 568 Epilegomenr.

270 709 341 768 1111.
373 708 460 769 ALII
499 707 693 768 EIVSDEM
731 709 786 767 EX
824 708 968 769 PARTE

413 797 604 860 GENERIS
635 797 818 858 LIBELLI:

294 948 318 1012 s
324 949 341 1001 ¹·
372 947 458 1008 Hain
489 947 623 1008 *miso
667 948 703 1008 In
734 947 838 1023 prima
869 947 997 1023 pagella

239 1045 376 1088 numero
392 1027 545 1088 destituta
567 1028 700 1104 legitur:
724 1027 840 1100 „Liber
859 1027 995 1087 medita·
1054 1076 1055 1080 ,

238 1108 364 1168 tionum
400 1126 437 1169 ac
461 1114 473 1180 Η
497 1108 680 1169 orationum
712 1108 902 1168 denotatum
938 1108 994 1184 qui

238 1206 280 1249 an
294 1194 306 1260 ij
322 1189 516 1250 thidotarius
533 1189 641 1249 anime
657 1188 792 1248 dicitur“
809 1193 821 1260 it
837 1187 870 1248 in
893 1188 995 1248 altera

239 1269 343 1329 literis
371 1269 560 1329 rubricatis:
591 1268 759 1342 „Nicholai
784 1268 915 1329 Saliceti
946 1287 995 1328 ar-

238 1349 319 1410 tium
344 1356 355 1422 ii
380 1359 412 1409 et
443 1349 606 1410 medicine
638 1348 797 1410 doctoris:
828 1349 936 1420 abboli
953 1348 995 1408 tis

238 1429 426 1504 monasterii
443 1431 537 1490 beate
552 1429 654 1490 marie
668 1430 708 1489 dc
724 1434 735 1501 ii
750 1429 898 1506 pomerio
913 1429 994 1490 alias

238 1511 382 1586 bongart.
405 1508 529 1570 ordinis
551 1515 562 1582 ii
585 1509 847 1570 cisterciensium
879 1526 994 1585 argen-

238 1590 304 1650 tine
333 1590 485 1650 diocesis
501 1595 512 1662 ii
535 1590 568 1649 in
600 1589 851 1650 anthidotarium
883 1589 994 1650 anime

238 1687 309 1747 pre·
324 1675 335 1742 ii
352 1670 556 1731 latiuncula.“
591 1671 623 1730 F.
638 1673 719 1731 120a
741 1669 845 1731 literis
867 1670 993 1730 rubris:

239 1749 449 1822 „Animarum
499 1749 760 1811 christifidelium
812 1750 994 1811 anthidota·

237 1830 321 1890 rium
344 1830 559 1891 salutiferum.
588 1848 653 1908 quo
682 1840 715 1891 et
745 1839 932 1907 egrotantes
954 1831 993 1890 ad
1056 1843 1057 1848 ’

238 1920 378 1988 optatam
414 1911 586 1972 sanitatem
615 1911 753 1972 restitui.
784 1920 816 1971 et
847 1928 928 1970 sane
960 1911 992 1970 in

237 1992 308 2067 ipsa
350 1991 486 2052 sanitate
529 1991 718 2052 conseruari
761 1992 899 2052 valeant.
939 1991 993 2051 hic

238 2071 336 2131 finem
368 2071 551 2149 sumpsisse
587 2088 727 2132 cernens
756 2089 774 2132 o
804 2073 915 2132 lector.
939 2072 993 2131 de·
1057 2089 1058 2092 ¹

237 2151 409 2212 uotissime
441 2152 502 2212 deo
538 2151 773 2228 cunctipotenti
810 2169 884 2212 cum
922 2153 993 2212 suis

237 2232 512 2308 conregnantibus
539 2232 660 2309 gratias
689 2249 748 2309 age
776 2231 993 2308 diligentiam·

237 2330 300 2389 que
323 2312 426 2374 lauda.
448 2313 633 2373 collectoris
656 2312 765 2373 fratris
786 2312 904 2373 nicolai
927 2312 992 2372 Ab·

236 2392 319 2453 batis
341 2392 477 2469 pomerii
496 2392 769 2454 cisterciensium
785 2391 919 2453 ordinis.
937 2393 990 2470 qui

237 2491 277 2533 ex
298 2473 398 2548 varijs
420 2483 606 2533 sanctorum
627 2472 794 2550 opusculis
810 2489 992 2551 excerpens

236 2554 269 2613 in
292 2555 379 2613 hunc
398 2552 590 2614 fasciculum
606 2553 697 2613 illum
714 2552 879 2630 congessit
894 2564 992 2631 atque

236 2634 276 2694 ad
307 2633 559 2710 imprimendum
590 2633 730 2694 tradidit.
787 2633 990 2694 industrioso

236 2713 306 2773 viro
343 2713 496 2790 magistro
529 2713 664 2774 Iohanni
698 2713 860 2790 Reynardi
898 2715 991 2788 (alias

235 2796 434 2871 grunynger)
449 2793 483 2854 in
505 2793 624 2871 insigni
642 2793 785 2857 Ciuitate
801 2792 989 2870 Argentina.

236 2873 288 2934 vbi
321 2875 504 2950 completus
535 2874 639 2935 extitit
669 2874 766 2934 Anno
797 2883 910 2934 nostre
942 2893 991 2936 sa·

236 2954 322 3015 lutis.
339 2954 373 3015 ht
385 2954 696 3016 cccclxxxix.
717 2955 801 3032 ydus
815 2971 896 3014 vero
907 2956 926 3032 J
932 2955 987 3031 ulij

236 3035 419 3112 septimas“
451 3035 559 3095 Huius
582 3035 681 3096 libelli
698 3036 841 3112 pagellas
856 3045 987 3096 centum

235 3228 263 3282 by
278 3227 377 3271 Thomas
392 3227 476 3280 Curre,
498 3226 625 3269 Confessor
644 3236 666 3269 to
681 3228 717 3270 the
732 3227 878 3272 Cenonesses
895 3229 989 3284 Regulur

234 3281 260 3323 oi
280 3281 316 3323 the
337 3281 371 3322 Au
387 3283 486 3324 ustinien
506 3280 595 3334 Order‚
617 3281 666 3322 who
688 3281 804 3324 attributes
825 3283 862 3325 the
884 3285 946 3325 work
966 3292 987 3325 to

235 3335 332 3376 Thomas
347 3348 359 3376 u
396 3336 492 3389 empis.“
511 3343 532 3376 et
550 3335 611 3388 „Dc
625 3335 678 3377 vlti‘
693 3347 738 3377 was
753 3336 817 3378 mede
832 3338 878 3378 imo
895 3337 986 3390 English

234 3390 262 3442 by
278 3388 356 3442 Henry
372 3388 429 3441 Lee,
453 3388 496 3430 LL.
520 3389 559 3442 B.‚
582 3388 703 3441 in1760.“,
724 3401 762 3431 eas
781 3401 825 3431 non
840 3391 901 3443 vidi,
923 3400 987 3444 etque

235 3442 351 3484 Leeianom
376 3443 466 3495 quidem
491 3442 549 3484 houd
571 3444 601 3484 ita
624 3453 703 3495 mugno
721 3443 810 3496 dolore,
833 3446 917 3498 quippe
932 3457 987 3497 quae

234 3503 266 3537 tot
279 3495 428 3536 additamento
443 3496 584 3537 translatoris
600 3496 689 3549 hebeat,
705 3505 741 3548 ut,
771 3508 812 3538 uae
827 3497 916 3550 ipsius,
931 3510 987 3552 quoe

234 3547 332 3588 Thomoe
347 3548 393 3588 sint
416 3548 489 3590 dicere
504 3561 543 3590 see
560 3561 571 3590 e
586 3548 678 3591 dilliclie
693 3552 731 3592 sit.
753 3509 859 3592 aeterum
877 3551 919 3594 Lee
934 3563 987 3606 quo·

234 3613 278 3654 que
292 3602 378 3641 nomini
393 3577 492 3644 ihomee
507 3615 519 3643 a
534 3561 629 3655 liempls
644 3603 726 3645 librum
741 3603 831 3646 addicit.

587 3689 628 3732 380
