2194 4180
127 605 243 680 epulas
264 605 400 682 decepto
423 615 455 666 et
480 606 598 667 iterum
620 625 680 684 per
701 609 819 669 multas
841 610 884 670 la-

127 702 248 763 crimas
269 712 421 763 revocato
443 713 475 763 et
496 714 640 782 purgato.

171 801 274 861 Flevit
299 801 396 862 etiam
419 812 552 863 sanctus
573 813 664 880 pater
685 814 798 865 noster
819 802 884 864 llu-

126 899 279 977 gustinus
294 899 505 961 acerbissime
518 918 576 977 pro
592 902 686 962 malis
700 902 885 978 praeteritis

126 999 163 1058 in
185 998 316 1058 saeculo
331 997 442 1073 gestie,
464 998 549 1060 sicut
566 999 739 1060 confitetur
755 1000 908 1060 humili-5

127 1104 179 1156 ter
199 1094 233 1156 in
255 1095 325 1156 suis
347 1095 487 1173 scriptis,
509 1097 589 1157 dans
609 1099 795 1175 exemplum
818 1116 885 1159 om·

127 1193 226 1253 nibus
248 1193 287 1253 ad
304 1194 410 1253 Deum
429 1195 598 1256 conversis
613 1197 787 1273 praeterita
802 1196 885 1256 mala

128 1291 163 1351 in
186 1291 395 1351 confessione
423 1292 540 1353 donata
570 1310 643 1356 cum
667 1311 814 1355 maerore
836 1311 885 1354 re-

127 1375 251 1464 plicare
278 1407 337 1467 pro
362 1388 484 1450 maiore
505 1391 688 1453 humilitate
710 1393 886 1468 servanda3

127 1496 165 1548 et
179 1486 219 1546 de
234 1498 343 1548 cetero
359 1488 534 1549 commissa
551 1491 620 1550 Deo
643 1491 774 1552 iuvante
792 1508 921 1552 num-10
946 1508 952 1513 ⁴

114 1602 226 1661 uuam
248 1584 383 1660 iterare,
412 1585 470 1645 sed
498 1603 556 1662 pro
586 1588 738 1648 omnibus
767 1587 885 1649 cotidie

127 1699 272 1759 gemere,
294 1682 373 1742 liere
394 1692 425 1742 et
440 1699 542 1744 orare.
574 1684 677 1745 Flevit
692 1685 778 1745 idem
794 1702 886 1745 sanc·

128 1789 183 1840 tus
205 1788 237 1839 et
251 1779 389 1839 devotus
404 1789 495 1856 pater
514 1781 678 1842 uberrime
694 1783 726 1842 in
743 1783 885 1860 hymnis,

127 1876 264 1954 psalmis
286 1887 318 1938 et
333 1877 468 1938 canticis
483 1878 603 1939 divinis
625 1879 659 1939 in
675 1879 815 1939 ecclesia
837 1896 885 1938 re-

128 1974 236 2035 citatis
258 1983 290 2035 et
311 1983 399 2034 tanto
422 1975 588 2035 ardentius
610 1977 649 2036 ad
674 1994 816 2053 superna
838 1995 885 2037 ra·
898 2002 922 2042 ιε

127 2073 294 2151 plebatur,
322 2073 561 2149 quantocitius
585 2084 727 2135 mentem
758 2075 796 2135 ab
819 2092 886 2135 orn·

128 2171 227 2232 nibus
262 2171 384 2231 infimis
422 2172 520 2232 rebus
558 2173 682 2233 avertit.
735 2173 818 2233 Nam
854 2181 886 2231 et

128 2267 267 2330 aliorum
297 2269 525 2329 adversitatem
554 2270 707 2347 plangere
736 2280 768 2330 et
790 2270 884 2330 saluti

128 2384 244 2428 eorum
267 2368 470 2444 congaudere
486 2368 633 2444 perpetui
650 2368 751 2427 moris
772 2367 801 2426 ei
818 2377 886 2427 erat
908 2427 912 2444 x

128 2475 163 2527 et
198 2465 340 2526 caritatis
375 2467 472 2526 melle
511 2466 643 2527 condire
679 2464 819 2525 alliictos
854 2474 922 2525 etro

128 2562 243 2640 egenis
265 2561 450 2623 subvenire.
838 2621 840 2626 .

173 2659 256 2720 Sunt
277 2669 309 2720 et
330 2660 392 2720 alia
406 2677 502 2737 quam
518 2661 611 2737 plura
626 2660 773 2737 exempla
795 2677 886 2720 sanc-

111 2769 237 2820 torum
259 2757 404 2817 virorum
427 2775 463 2817 ae
486 2759 660 2819 mulierum
686 2759 886 2834 devotarum,

129 2855 186 2932 qui
209 2855 384 2932 specialem
407 2855 541 2931 gratiam
569 2856 753 2916 habuerunt
774 2873 792 2916 a
815 2855 885 2916 Deo

130 2953 163 3014 in
187 2952 349 3013 effusione
371 2961 554 3012 sanctarum
580 2953 796 3013 lacrimarum.
895 2973 922 3014 25
