2118 4180
252 405 999 517 Qiafflrccadffiffi

285 593 395 655 Laudo
425 602 457 654 et
485 593 665 654 honorifico
694 603 726 655 te
754 612 812 672 pro
843 595 926 656 mira
957 596 1006 656 di-

244 691 384 752 lectione
419 701 475 753 tua
513 702 546 753 et
584 693 706 753 invicta
739 693 1005 770 mansuetudine,

243 790 329 865 quod
351 791 390 850 ad
413 789 487 849 illos
506 790 687 850 homicidas
708 791 840 851 voluisti
863 791 948 852 lenis
972 800 1004 852 et

243 898 443 965 spontaneus
464 888 595 964 venire,
624 887 782 966 aquibus
807 898 839 950 te
861 906 1004 950 noveras

218 986 275 1046 sin
298 987 388 1047 brevi
411 986 644 1062 occidendum,
672 1002 730 1063 pro
759 1002 897 1063 quorum
927 1003 1004 1063 pec·
1053 988 1054 1045 l

242 1083 323 1144 catis
350 1093 383 1144 et
411 1083 544 1144 malitiis
572 1084 692 1144 uberes
716 1083 827 1144 fudisti
850 1084 1003 1145 lacrimas

242 1181 434 1258 praedicens
456 1181 553 1258 ipsis,
575 1189 694 1258 quanta
714 1182 799 1241 mala
820 1181 930 1242 lutura
950 1199 1002 1243 se-

242 1287 421 1355 querentur
441 1286 515 1355 post
535 1277 651 1355 gaudia
672 1279 865 1354 praesentia.

283 1375 391 1436 Laudo
421 1385 453 1436 et
473 1375 619 1453 glorifico
641 1383 673 1435 te
695 1392 754 1452 pro
777 1375 903 1436 fervido
928 1377 1000 1437 zelo

206 1491 231 1532 ro
241 1482 296 1533 tuo
319 1483 431 1535 contra
452 1472 691 1550 delinquentes,
712 1474 799 1550 quod
821 1473 930 1538 statim
952 1474 1001 1534 in·
1054 1507 1055 1536 1

240 1588 375 1649 gressus
410 1589 447 1632 es
482 1572 640 1648 templum
678 1580 710 1632 et
744 1571 927 1632 vendentes
963 1589 1000 1632 ac

241 1677 390 1729 ementes
407 1668 447 1730 de
467 1669 562 1731 domo
582 1669 683 1747 patris
704 1669 751 1730 tui
773 1669 938 1747 expulisti,
960 1687 1000 1731 eo

242 1765 328 1842 quod
350 1765 481 1827 domum
508 1766 665 1827 orationis
690 1766 880 1843 speluncam
904 1766 1000 1826 lecis-

241 1869 315 1921 scnt
336 1862 508 1923 latronum.

206 1981 231 2023 15
282 1957 321 2018 Et
348 1959 433 2019 sicut
461 1959 592 2020 iniustis
621 1961 727 2021 avaris
756 1969 788 2021 et
816 1959 998 2020 animarum
1055 1956 1056 1994 ³

240 2074 373 2117 suarum
394 2057 619 2118 venditoribus
648 2075 785 2119 severus
811 2057 999 2135 apparuisti,

240 2154 287 2215 sic
302 2154 420 2216 iterum
435 2156 529 2216 valde
544 2155 618 2233 pius
633 2165 666 2216 et
680 2155 869 2216 misericors
885 2155 999 2232 egenis

239 2263 272 2314 et
293 2253 455 2314 debilibus
476 2253 610 2314 extitisti
626 2253 762 2313 verbum
778 2253 945 2314 doctrinae
961 2270 998 2313 ac

239 2369 334 2429 opem
350 2350 528 2412 curationis
542 2350 684 2428 gratiose
697 2350 809 2411 multis
820 2350 998 2427 largiendo.

201 2472 228 2513 zo
279 2449 309 2511 O
325 2449 552 2510 inenarrabilis
562 2449 667 2509 virtus
683 2447 820 2523 Christi,
835 2464 853 2507 o
869 2465 998 2508 summa

238 2547 342 2624 pietas
371 2545 428 2606 filii
452 2545 531 2621 Dei,
561 2545 636 2623 quis
662 2546 814 2623 loquetur
835 2545 998 2621 potentias

238 2655 328 2722 tuas,
357 2645 515 2720 Domine,
543 2653 576 2704 et
604 2644 729 2704 auditas
756 2642 852 2704 faciet
881 2660 998 2704 omnes

238 2743 352 2802 laudes
382 2741 484 2801 tuas?
526 2741 694 2802 Memento
725 2741 808 2818 mei,
840 2741 933 2818 lesu,
964 2742 997 2801 in

237 2838 441 2916 beneplacito
474 2846 550 2916 tu03
584 2839 681 2899 visita
710 2856 763 2899 me
799 2838 832 2898 in
863 2837 997 2898 salutari

200 2946 304 3000 25tuo.
345 2936 448 3012 Veni,
474 2935 592 2996 dilecte
615 2936 707 3012 Iesu,
735 2945 768 2996 et
795 2936 919 3012 perduc
944 2952 996 2996 me

238 3035 271 3095 in
286 3042 431 3094 sanctam
447 3032 611 3094 civitatem
628 3032 817 3110 Ierusalem,
831 3049 897 3093 non
914 3050 996 3110 quae

238 3131 356 3193 occidit
381 3131 574 3208 prophetas,
603 3129 661 3191 sed
683 3147 766 3208 quae
796 3130 998 3191 construitur

237 3229 270 3290 in
286 3228 396 3304 caelis,
418 3228 473 3288 ubi
493 3245 621 3289 summa
641 3228 761 3288 civium
778 3244 996 3305 supernorum

236 3327 355 3388 unitas.
401 3325 554 3388 Ascende
589 3342 690 3402 super
724 3325 849 3402 pullum
885 3326 997 3386 asinae

200 3441 352 3486 aoomnes
383 3426 475 3486 leves
505 3432 537 3484 et
570 3423 714 3484 lubricos
745 3432 853 3484 motus
886 3423 997 3484 'carnis

236 3538 328 3582 meae
350 3522 511 3584 domando
533 3521 764 3597 continentiae¹
777 3521 879 3582 lreno.

604 3626 632 3668 to
