2194 4180
239 573 345 647 video,
367 590 425 650 pro
447 590 512 651 quo
534 573 669 650 ploravi,
696 583 728 636 et
749 575 851 636 multo
874 575 991 636 melius

239 671 318 731 mihi
341 671 485 748 contigit,
506 688 603 747 quam
625 672 746 748 putavi.

280 768 369 828 Felix
391 768 472 843 dies,
494 777 526 829 et
547 769 719 829 benedicta
740 771 837 846 hora,
866 769 899 830 in
921 786 992 846 qua,

239 884 258 926 o
290 866 411 943 Maria,
446 875 518 943 post
550 867 728 943 angelicam
765 867 926 927 visionem
962 877 993 927 et

215 964 470 1026 sallocutionem
500 964 649 1024 meruisti
678 964 791 1025 videre
816 964 992 1024 Dominum

239 1062 427 1138 angelorum
460 1070 492 1122 et
522 1061 635 1122 audire
666 1061 794 1122 dulcem
827 1062 898 1122 eius
927 1078 994 1122 ser·

238 1174 369 1218 monem
392 1158 554 1219 dicentem
584 1159 660 1219 tibi:
689 1160 780 1220 Vade
808 1161 847 1220 ad
878 1159 994 1220 fratres

238 1272 331 1315 meos
362 1264 394 1315 et
424 1255 476 1315 dic
507 1256 573 1316 eis:
608 1255 762 1318 Ascendo
793 1258 832 1318 ad
865 1258 993 1317 Patrem

239 1369 347 1412 meum
370 1361 402 1413 et
425 1354 553 1414 Patrem
576 1363 732 1431 vestrum,
755 1355 861 1418 Deum
883 1371 992 1415 meum

204 1468 229 1508 ro
239 1459 271 1510 et
294 1452 399 1512 Deum
422 1462 579 1513 vestrum.

280 1549 368 1609 Fecit
399 1566 475 1626 ergo
499 1550 619 1626 lllaria,
651 1551 736 1610 sicut
766 1549 932 1627 praecepit
963 1549 993 1609 ei
1085 1537 1086 1546 ’

240 1646 350 1722 lesuS,
388 1657 419 1707 et
448 1649 556 1709 statim
592 1648 652 1708 ivit
679 1648 752 1709 sine
783 1664 891 1722 mora,
922 1647 994 1707 sine

239 1746 373 1820 querela
394 1746 591 1806 annuntians
613 1745 783 1822 discipulis
804 1746 889 1805 bona
910 1761 995 1805 nova

238 1841 356 1918 gaudio
371 1843 484 1919 plena:
507 1843 596 1921 Quia
609 1843 676 1904 vidi
689 1842 867 1903 Dominum
883 1858 993 1902 meum

205 1957 230 1997 15
240 1948 312 2016 post
335 1941 467 2016 longum
491 1956 673 2000 maerorem
696 1947 728 1999 et
751 1938 872 1999 fletum.

279 2037 309 2098 Ο
331 2055 427 2114 quam
449 2047 558 2115 gratae
580 2046 612 2098 et
632 2045 783 2113 acceptae
805 2046 897 2096 erant
919 2035 994 2096 illae

239 2133 391 2194 lacrimae
413 2153 453 2194 ex
468 2151 549 2211 puro
566 2135 663 2194 corde
679 2143 711 2194 et
727 2133 865 2194 lervemi
882 2149 994 2193 amore

239 2231 364 2292 effusae
393 2241 425 2292 et
453 2233 556 2293 multo
586 2231 773 2306 suavioreS‚
803 2246 900 2307 quam
924 2247 994 2290 aro-

238 2339 324 2390 mata
345 2330 489 2406 pretiosa
510 2329 543 2390 in
566 2329 726 2389 alabastro
749 2329 788 2388 ad
804 2328 993 2404 ungendum

202 2437 356 2504 adparata.

279 2526 374 2586 Nunc
397 2542 474 2602 ergo
489 2542 606 2602 precor
620 2536 662 2601 te,
683 2525 994 2586 misericordissime

239 2624 312 2684 lesu
337 2623 489 2698 Christe,
517 2640 577 2700 per
597 2624 725 2684 viscera
747 2621 995 2683 misericordiae

238 2730 323 2795 tuae,
345 2720 400 2797 qui
423 2721 573 2797 dignatus
602 2737 639 2780 es
661 2720 794 2781 visitare
817 2729 849 2780 et
878 2737 996 2780 conso·

238 2817 296 2876 lari
339 2826 483 2877 sanctam
520 2818 658 2879 Mariam
696 2818 922 2895 lllagdalenam
960 2817 995 2877 in
1081 2885 1082 2888 Ἴ

202 2914 378 2977 asmaximo
393 2930 541 2975 maerore
557 2915 706 2992 positam,
728 2924 762 2975 ut
779 2915 878 2975 iacias
894 2913 994 2975 etiam

238 3028 366 3072 mecum
390 3012 595 3073 consimilem
611 3012 870 3074 misericordiam
893 3021 997 3087 tuam,

237 3126 311 3168 cum
335 3109 523 3169 contristata
552 3109 650 3170 luerit
678 3111 787 3171 anima
814 3127 888 3170 mea
914 3127 997 3185 prae

237 3206 343 3266 taedio
359 3215 390 3266 et
405 3215 536 3283 gravata
550 3207 659 3267 labore
675 3207 821 3284 corporis
837 3217 869 3268 et
884 3207 998 3268 cordis

237 3320 384 3364 maerore
416 3320 455 3363 ex
485 3303 593 3381 aliqua
623 3304 776 3380 passione
808 3303 887 3364 mihi
916 3320 999 3363 con·
1079 3325 1080 3348 1

200 3403 343 3478 samaria,
364 3411 418 3462 aut
440 3418 480 3462 ex
495 3402 622 3462 occulta
636 3401 856 3463 subtractione
871 3401 998 3476 gratiae

237 3499 420 3559 dulcedinis
455 3510 546 3574 tuae,
583 3516 789 3575 quacumque
826 3515 867 3558 ex
898 3499 1000 3574 culpa

595 3603 636 3644 242
