2194 4180
105 434 849 545 Qfflmafflffi

96 621 217 698 grande
239 632 385 698 stratum,
407 633 442 683 ut
464 623 560 684 iaciat
581 625 665 700 apud
686 634 718 685 te
733 627 855 701 pascha

97 720 271 796 mysticum
288 736 361 780 cum
379 719 548 796 discipulis
564 721 644 796 suis
664 723 853 800 priusquam

97 817 257 878 moriaris.

135 916 223 978 Cum
239 925 346 976 autem
370 917 519 992 coeperis
540 917 696 978 infirmari
715 929 747 978 et
767 919 853 980 diem

95 1013 277 1074 vocationis
298 1022 372 1074 tuae
395 1015 541 1075 senseris
563 1016 689 1091 adesse,
715 1025 792 1076 tunc
815 1017 877 1076 ads

96 1111 205 1171 lesum
228 1110 371 1172 humiles
392 1111 505 1172 emitte
526 1129 643 1189 preces
665 1123 697 1173 et
719 1113 854 1189 loquere

94 1226 169 1269 cum
194 1207 299 1268 Maria
328 1218 360 1269 et
382 1209 512 1269 Martha
540 1210 670 1270 dicens:
703 1211 854 1287 Domine,

94 1323 173 1366 ecce
210 1324 307 1383 quem
343 1325 453 1383 amas,
488 1309 679 1369 infirmatur.
732 1310 854 1371 Potens

94 1404 183 1464 enim
206 1415 257 1466 est
277 1405 352 1480 pius
381 1416 413 1467 et
444 1405 634 1466 misericors
657 1407 767 1483 lesus,
797 1408 852 1484 qui

94 1519 195 1579 super
227 1503 383 1563 Lazarum
416 1503 506 1563 flevit
540 1520 577 1563 ac
609 1514 772 1564 mortuum
805 1518 889 1565 re·10

94 1600 276 1675 suscitavit,
297 1600 337 1659 ab
359 1600 448 1661 omni
470 1610 502 1661 te
519 1601 612 1677 plaga
627 1618 741 1662 curare
757 1611 853 1678 atque

94 1699 228 1758 saeculo
251 1698 442 1759 defunctum
463 1699 497 1758 in
520 1699 572 1758 die
594 1699 774 1759 novissimo
804 1718 853 1760 re·

94 1797 265 1858 suscitare.
310 1798 417 1858 Pensa
445 1797 543 1857 etiam
572 1807 649 1857 tunc
677 1798 851 1874 praecipue

94 1897 135 1956 de
147 1913 229 1956 cena
240 1895 413 1970 dominica,
429 1896 592 1972 quomodo
607 1895 742 1956 humilis
759 1897 851 1957 lesus

75 1992 331 2068 discipulorum
354 1994 455 2069 pedes
477 1993 555 2053 lavit
576 2003 609 2053 et
630 2003 704 2055 ante
730 1994 888 2055 disces-rs

93 2108 168 2151 sum
192 2108 288 2150 suum
310 2091 393 2151 sacri
417 2092 563 2168 corporis
585 2092 634 2153 sui
659 2092 850 2170 mysterium

94 2188 199 2249 eisin
223 2189 380 2249 solacium
411 2190 551 2250 tradidit.
594 2191 633 2251 Et
662 2201 697 2252 tu
726 2207 802 2267 ergo
833 2208 852 2249 a

95 2287 239 2348 Domino
263 2288 337 2347 lesu
360 2288 528 2349 humiliter
555 2299 629 2365 pete
658 2308 676 2349 a
704 2298 852 2366 peccato·

94 2402 166 2445 rum
199 2395 329 2445 tuorum
359 2386 510 2446 sordibus
540 2386 626 2446 ablui
658 2396 754 2463 atque
780 2404 852 2463 pre·

25 2505 26 2517 ¹
92 2482 168 2542 tiosi
206 2482 353 2558 corporis
388 2483 439 2543 sui
470 2482 588 2542 viatico
620 2493 693 2543 ante
729 2483 888 2544 exitumao

93 2590 186 2640 tuum
210 2579 349 2640 fideliter
370 2581 580 2656 praemuniri.
624 2580 698 2657 Quo
722 2592 851 2657 sumpto

93 2679 125 2738 in
147 2677 324 2755 gratiarum
347 2677 474 2738 actione
496 2696 629 2740 versare
661 2690 692 2739 et
721 2680 761 2739 de
783 2680 852 2741 dul-

93 2775 239 2836 cioribus
260 2774 401 2835 mandati
424 2776 496 2836 eius
518 2777 628 2837 verbis
646 2777 762 2838 devote
785 2796 850 2839 me-

93 2874 196 2934 ditare
218 2889 255 2932 ac
271 2872 389 2932 deinde
404 2874 540 2934 elevatis
554 2875 589 2934 in
605 2876 730 2936 caelum
746 2877 850 2937 oeulis

93 2971 250 3031 unionem
281 2970 406 3032 Christi
438 2971 514 3032 totis
544 2983 660 3049 exopta
688 2974 887 3035 medullisza

95 3069 215 3128 Postea
235 3067 275 3126 ad
297 3068 483 3143 passionem
501 3068 626 3130 Christi
648 3080 680 3130 te
696 3082 850 3132 converte

93 3174 125 3225 et
147 3182 188 3225 ex
210 3165 265 3224 illa
284 3166 518 3226 consolationis
533 3167 693 3226 medelam
709 3185 850 3229 assume.

94 3262 269 3340 Ingredere
299 3263 395 3324 etiam
425 3281 500 3324 cum
524 3264 597 3324 lesu
628 3274 659 3324 et
681 3264 850 3343 discipulis

94 3363 166 3423 eius
197 3362 231 3422 in
263 3363 392 3422 hortum
424 3363 513 3422 iuxta
550 3372 694 3423 montem
728 3364 850 3441 oliveti,

94 3461 156 3520 hoc
179 3469 239 3534 est,
261 3475 376 3535 separa
396 3468 428 3520 te
451 3478 469 3519 a
487 3460 714 3536 praesentibus
735 3461 886 3525 amicisao

95 3558 133 3617 ad
155 3556 335 3617 vacandum
360 3558 430 3618 Deo
453 3557 486 3617 in
508 3568 636 3620 secreto
658 3559 793 3620 liberius
817 3570 849 3619 et

456 3660 494 3702 rar
