2152 4174
89 447 406 555 ΨΜ
419 501 436 552 l,
446 501 468 552 2,
478 445 838 554 affl&

83 636 167 696 biles
197 635 244 695 illi
274 633 432 693 militares
461 634 500 693 ad
529 634 756 694 confusionem
783 634 840 694 tibi

83 733 296 793 intorserunt.
338 730 553 791 Benedictum
576 730 617 791 sit
639 741 787 792 sanctum
810 742 842 792 et

83 829 328 890 immaculatum
371 828 623 904 vestimentum,
672 845 737 906 quo
778 829 842 889 vir-

82 927 217 1004 gineum
245 943 364 1002 corpus
392 935 484 985 tuum
513 942 553 985 ex
582 925 688 984 Maria
715 926 841 1004 virgine

83 1034 196 1086 natum
219 1023 332 1084 multis
353 1023 448 1083 annis
471 1023 531 1083 luit
548 1025 687 1083 honeste
709 1036 864 1099 cooper-s

83 1130 163 1182 tum.
208 1121 387 1182 Benedicta
416 1121 542 1181 limbria
570 1121 757 1181 vestimenti
784 1120 841 1196 tui,

5 1293 7 1312 Ι
83 1220 123 1279 ad
152 1217 248 1278 cuius
277 1227 397 1278 tactum
427 1235 543 1278 omnes
570 1219 655 1278 male
683 1217 842 1277 habentes

84 1324 116 1375 et
145 1314 234 1374 fideli
263 1314 437 1376 devotione
467 1317 662 1376 accedentes
690 1315 843 1392 leguntur

84 1411 258 1472 celerrime
287 1413 400 1474 sanati.
443 1412 623 1473 Benedicta
650 1411 760 1472 tunica
787 1419 842 1470 tua

84 1509 294 1570 inconsutilis
316 1511 415 1571 nullis
437 1510 590 1571 humanis
617 1511 753 1570 locanda
776 1509 842 1568 usi·
854 1526 878 1568 ro

84 1611 157 1683 bus,
173 1608 231 1667 sed
247 1608 350 1668 solius
362 1609 423 1668 Dei
435 1608 532 1686 digna
541 1606 718 1684 mancipari
730 1623 842 1666 sacrae

85 1705 247 1766 servituti.

127 1803 273 1863 Decebat
295 1803 415 1863 etenim
438 1804 521 1863 hanc
544 1819 676 1864 servare
696 1801 841 1862 illaesam

85 1909 220 1979 propter
241 1918 332 1960 suam
356 1901 554 1978 singularem
571 1901 787 1962 reverentiam
811 1910 843 1960 et

85 1999 124 2059 ad
148 2007 280 2058 sanctae
302 1997 414 2058 matris
430 1998 590 2059 ecclcsiae
605 1998 762 2059 unitatem
785 2013 843 2073 per
855 2008 879 2049 15

84 2105 189 2157 totum
212 2096 324 2155 orbem
353 2105 512 2156 terrarum
542 2095 842 2156 commendandam.

86 2195 183 2272 Quae
204 2193 281 2253 licet
303 2192 407 2253 divisa
429 2193 471 2254 sit
493 2194 699 2273 regionibus,
723 2191 843 2268 linguis

86 2301 118 2352 et
147 2290 357 2365 habitaculis,
385 2292 535 2367 quamvis
564 2291 663 2352 variis
692 2289 843 2350 distincta

85 2389 257 2450 ordinibus
273 2405 309 2448 ac
324 2388 410 2447 vitae
425 2389 561 2465 meritis
577 2389 637 2449 sub
653 2405 718 2447 uno
734 2395 842 2446 tamen

85 2487 192 2563 capite
215 2495 247 2546 et
268 2502 334 2545 uno
356 2502 485 2546 summo
501 2495 630 2563 pastore
648 2494 750 2545 totum
774 2497 879 2544 cor-ao

85 2601 148 2661 pus
178 2583 338 2644 ecclcsiae
366 2583 463 2658 vivit,
492 2583 614 2661 regitur
642 2591 673 2642 et
702 2581 843 2642 nutritur

85 2698 185 2741 unam
214 2697 350 2740 servans
379 2681 493 2756 iidem,
523 2697 625 2741 unum
657 2679 842 2756 suscipiens

84 2778 263 2855 baptisma,
284 2795 386 2838 unum
409 2779 547 2838 credens
568 2780 674 2839 Deum
697 2777 730 2837 in
752 2776 842 2837 trini-

84 2885 151 2936 tate
187 2869 350 2952 perlecta,
384 2893 486 2936 unum
523 2877 648 2936 habens
683 2891 840 2953 sponsum

86 2975 196 3034 lesum
221 2973 391 3035 Christum
414 2983 602 3050 regnantem
626 2972 799 3047 incaelis,
824 2987 878 3031 aas

85 3089 150 3150 quo
173 3087 239 3131 non
260 3071 378 3147 poterit
392 3071 488 3132 avelli
503 3072 579 3132 ullis
594 3071 841 3148 temptationum

85 3169 293 3247 impulsibus.
332 3170 496 3247 Quoniam
519 3170 662 3247 quidem,
691 3168 842 3244 Domine,

2 3254 5 3265 ’
84 3277 120 3327 tu
156 3265 275 3327 dedisti
311 3283 452 3344 sponsae
487 3277 562 3328 tuae
597 3266 757 3328 ecclesiae
792 3283 842 3325 ca·

85 3363 227 3424 tholicae
258 3373 370 3425 contra
400 3381 516 3425 omnes
551 3381 680 3425 errores
713 3373 841 3425 scutum

84 3461 354 3538 inexpugnabile:
382 3464 518 3522 verbum
542 3461 705 3538 veritatis,
731 3462 879 3522 lumenao

85 3559 245 3620 scientiae
277 3559 485 3637 caritatisque
521 3561 683 3621 fervorem
715 3560 754 3620 ad
789 3560 843 3619 ob·

450 3665 488 3706 raa
