2144 4168
374 501 540 556 Epllegomena.

70 651 169 726 Rogo
191 643 330 726 itaque,
346 654 395 726 96,
416 667 441 708 21
461 651 493 705 A
515 651 566 721 in,
594 652 628 704 B
648 655 696 722 et,
730 655 795 726 146,
809 668 836 709 25

70 731 107 785 A
125 733 293 808 formatus
307 736 325 803 ¹,
348 733 380 785 Β
402 732 603 808 informatus.

143 844 307 922 Quoniam
330 863 385 921 ea,
407 863 490 923 quae
513 846 618 906 adhuc
641 846 680 906 de
703 845 835 906 mendo·

72 943 154 985 rum
177 942 314 986 numero
337 936 433 1003 atque
461 943 582 1003 genere
607 926 765 1002 disserui,
795 926 835 986 ad

70 1005 224 1082 priorem
246 1016 416 1067 tractatum
445 1007 626 1082 pertinent,
656 1015 772 1081 restat,
800 1015 835 1066 ut

73 1087 118 1146 de
153 1086 288 1147 alterius
318 1095 473 1147 tractatus
505 1087 716 1147 fundamento
747 1103 834 1146 nunc

73 1167 257 1227 dicendum
286 1184 361 1228 esse
390 1167 548 1228 videatur.
598 1166 705 1228 Cuius
734 1165 833 1226 oflicii

73 1256 191 1323 partes
213 1247 293 1308 satis
309 1247 468 1324 expleturi
484 1265 559 1307 esse
574 1247 670 1307 nobis
685 1247 835 1308 videmur

73 1327 229 1387 numeris
244 1328 466 1404 proponendis
481 1327 590 1388 hisce:
613 1327 834 1389 Consentiunt

72 1408 128 1462 *n
142 1408 186 1461 *ο
209 1408 368 1468 adversus
389 1409 436 1476 *p
456 1409 537 1468 locis
559 1411 633 1483 564,
654 1409 762 1476 ⁸a⁸p
781 1408 834 1468 ad·

73 1505 199 1548 versus
221 1488 262 1542 *ο
280 1489 361 1549 locis
383 1491 452 1564 561,
483 1489 524 1542 *0
541 1488 588 1556 *1)
608 1489 765 1548 adversus
787 1489 835 1542 *n

26 1592 29 1598 ·
74 1567 174 1642 locis,
188 1585 328 1645 quorum
343 1568 475 1646 quidem
488 1572 524 1628 51
538 1569 590 1628 vel
606 1569 645 1628 ad
661 1569 833 1629 lormulam

74 1649 306 1726 rationemque
338 1648 501 1709 scribendi
523 1649 576 1708 vel
598 1649 637 1709 ad
659 1650 833 1709 verborum

75 1729 341 1790 conlocationem
363 1729 510 1804 attinent,
535 1732 599 1789 148.

142 1844 209 1903 Iam
238 1853 273 1904 ut
301 1861 429 1904 summa
451 1860 581 1918 eorum,
612 1860 695 1921 quae
724 1843 833 1920 dispu-

75 1924 232 2000 tavimus,
254 1941 320 1984 uno
336 1923 428 2001 quasi
445 1924 614 1984 oculorum
630 1925 743 1984 obtutu
761 1941 833 2000 per·

74 2005 211 2065 lustrari
227 2013 333 2081 queat,
349 2004 434 2064 infra
447 2005 588 2065 tabulam
603 2021 833 2081 proponamus,

76 2102 144 2160 qua
180 2085 383 2161 singulorum
418 2085 574 2145 librorum
610 2084 700 2161 origo
735 2094 832 2161 atque

75 2165 231 2225 adfinitas
262 2164 493 2242 perspiciatur3
528 2165 561 2224 in
595 2164 714 2241 quibus
749 2181 831 2241 quae

78 2245 221 2306 fortasse
243 2245 282 2305 ad
311 2245 599 2306 demonstrandum
622 2245 833 2321 comproban-

76 2325 224 2403 dumque
247 2326 398 2401 deerunt,
420 2343 460 2385 ex
481 2325 688 2385 adnotatione
711 2325 832 2399 critica,

76 2422 177 2482 quam
200 2406 276 2466 huic
299 2405 563 2466 commentationi
579 2414 742 2466 extremae
758 2405 832 2464 sub-

70 2486 271 2563 jungemuS,
301 2487 386 2546 haud
416 2486 459 2546 ita
487 2486 735 2562 magnolabore
757 2502 831 2561 sup-

76 2567 264 2642 plebuntur.
293 2565 401 2643 Atque
416 2584 458 2626 ne
476 2567 621 2626 membra
642 2565 832 2641 interposita

77 2647 208 2714 γ*δ*ε
234 2646 373 2722 mirere,
408 2647 527 2723 quibus
562 2646 666 2706 literis
702 2645 831 2705 codices

77 2743 167 2787 nunc
190 2726 372 2802 deperditi²
393 2727 602 2804 intellegendi
625 2735 711 2801 sunt,
732 2742 771 2785 ea
791 2726 830 2786 ad

78 2807 306 2884 cognationem
336 2807 492 2868 librorum
522 2818 591 2867 tum
612 2807 760 2865 abtum
783 2805 832 2860 *n

77 2886 121 2956 *q
138 2887 193 2962 *1,
213 2895 282 2947 tum
303 2903 321 2942 c
339 2888 382 2941 *0
401 2887 416 2922 *
420 2903 448 2955 p
466 2888 509 2951 *Ι
514 2890 520 2920 ¹
537 2886 759 2963 explicandam
778 2886 831 2946 ad·

77 2968 208 3027 mittere
231 2967 386 3044 cogimur.

77 3149 239 3156 —-.—-——-

139 3258 213 3301 ¹Clr.
228 3259 307 3311 verba,
327 3271 382 3312 quae
402 3260 425 3301 in
445 3259 534 3311 liturgia
553 3270 616 3300 sacra
634 3266 684 3300 ante
698 3223 840 3300 Orationem

79 3311 222 3408 Domidnicam
243 3315 374 3354 recitantur:
397 3314 474 3353 divina
493 3314 633 3353 institutione
652 3314 746 3363 formati
763 3314 830 3353 oude-

77 3379 126 3408 mus
155 3379 220 3408 acero.

139 3440 148 3466 ²
164 3437 197 3479 Dc
213 3439 294 3491 rvide
310 3449 379 3490 supra
394 3450 415 3490 p.
430 3436 470 3478 397
480 3450 515 3490 sq.
