2118 4180
82 419 830 530 Qffffibrmfflffi

114 607 144 669 Ο
167 607 358 668 dulcissime
381 608 473 683 lesu,
501 617 622 684 quanto
648 608 833 670 dilectionis

73 705 189 765 ardore
217 722 271 765 me
300 704 459 780 dilexisti,
489 721 548 782 pro
577 722 642 782 quo
673 715 737 767 tam
769 706 832 768 fer·

73 812 189 864 venter
219 819 312 862 orare
342 801 496 877 voluisti,
532 811 569 863 ut
603 803 700 864 etiam
734 822 833 882 supra

73 901 219 979 liquores
253 899 419 960 naturales
455 915 495 959 ex
534 916 651 976 magno
688 901 831 978 patiendi

73 997 238 1059 desiderio
269 997 408 1058 calidum
440 998 632 1074 sanguinem
664 1016 769 1076 usque
798 1000 855 1062 ins

72 1106 191 1157 terram
214 1096 432 1173 profluentem
455 1097 602 1158 sudares
772 1099 775 1108 '

113 1194 224 1255 Laudo
240 1203 273 1256 et
286 1193 467 1254 honorifico
483 1204 515 1255 te
526 1196 652 1255 honore
664 1203 832 1272 perpetuo,

71 1308 201 1351 summe
224 1298 337 1352 auctor
357 1289 485 1351 animae
499 1306 593 1350 meae
614 1301 646 1352 et
667 1292 831 1369 singulare

71 1389 240 1465 exemplar
269 1388 354 1449 vitae
385 1405 495 1464 meae,
522 1405 581 1464 pro
609 1390 755 1466 plenaria
783 1408 832 1450 re-

71 1487 255 1564 signatione
286 1495 359 1562 tua,
389 1503 448 1563 pro
479 1486 692 1564 abnegatione
723 1489 868 1548 omnisro

70 1584 223 1661 propriae
251 1583 427 1644 voluntatis
455 1591 488 1644 et
515 1585 672 1645 naturalis
697 1585 831 1646 inclina-

70 1681 171 1742 tionis
192 1681 295 1758 partis
322 1680 517 1757 sensitivae‚
545 1699 609 1758 qua
631 1699 769 1758 poenam
798 1694 831 1744 et

71 1789 210 1840 mortem
226 1779 417 1840 naturaliter
437 1780 651 1840 abhorrebas:
673 1790 706 1842 et
721 1790 830 1842 tamen

70 1877 142 1939 sine
165 1877 274 1954 aliqua
296 1877 567 1953 contradictione,
591 1895 665 1938 cum
688 1879 830 1956 patiendi

69 1977 150 2036 hora
171 1975 318 2050 instaret,
340 1983 456 2051 sponte
478 1992 515 2035 ac
537 1974 639 2035 libere
661 1975 694 2036 in
717 1978 866 2038 volun-1⁵

69 2082 168 2134 tatem
191 2072 294 2149 patris
315 2072 361 2133 tui
383 2081 415 2133 te
430 2072 538 2148 ipsum
560 2088 637 2132 mox
658 2073 829 2150 resignasti

70 2170 201 2231 dicens:
226 2169 331 2245 Pater,
352 2185 418 2230 non
433 2186 506 2229 mea
520 2169 681 2245 voluntas,
703 2171 761 2232 sed
775 2179 831 2231 tua

71 2267 133 2328 liat.
179 2267 216 2327 In
237 2283 303 2343 quo
325 2266 456 2343 quidem
479 2268 580 2328 verbo
605 2276 730 2343 patrem
759 2285 830 2328 cae-

70 2365 187 2425 lestem
217 2363 314 2424 altius
335 2363 539 2441 glorificasti,
567 2364 662 2424 nobis
691 2365 830 2441 amplius

70 2461 292 2539 promeruisti,
314 2461 477 2522 diabolum
492 2461 658 2538 potentius
673 2461 780 2521 vicisti
798 2471 866 2522 etao

70 2560 200 2621 cunctis
211 2558 362 2620 fidelibus
376 2557 442 2619 tuis
458 2558 594 2618 lormam
607 2556 830 2634 perfectionis,

70 2657 201 2735 signum
224 2655 339 2717 salutis
360 2666 393 2717 et
416 2656 478 2716 iter
502 2663 746 2716 consummatae
767 2654 830 2715 vir-

70 2757 149 2818 tutis
171 2753 378 2832 apertissime
401 2752 641 2813 demonstrasti.

110 2853 141 2915 0
153 2851 317 2914 adorande
328 2859 361 2911 et
375 2866 507 2926 semper
520 2849 731 2910 memorande
746 2849 831 2925 lesu,

70 2969 189 3027 precor
203 2960 235 3011 te
252 2948 367 3009 intimo
383 2964 457 3008 cum
477 2946 607 3022 affectu,
628 2945 734 3007 tribue
749 2947 829 3007 mihi
839 2961 867 3002 25

70 3049 171 3109 huius
190 3047 295 3108 trinae
315 3044 472 3105 orationis
486 3053 561 3105 tuae
577 3043 718 3105 fructum
734 3044 830 3121 potiri

70 3154 102 3205 et
134 3143 322 3220 exemplum
352 3152 428 3204 tuae
463 3141 687 3218 abnegationis
717 3141 750 3202 in
782 3159 831 3201 as·

71 3252 202 3320 sumpta
216 3241 375 3318 religione
390 3239 536 3317 perfecto
552 3239 649 3300 corde
664 3237 830 3299 aemulari.

73 3340 121 3400 Da
143 3355 275 3418 quoque
297 3338 556 3400 recalcitrantem
583 3353 714 3396 carnem
737 3335 831 3413 spiri·

72 3438 116 3498 tui
146 3437 287 3499 viriliter
317 3436 474 3511 subdere,
505 3450 635 3495 omnem
667 3433 867 3493 camalemso

73 3535 281 3596 formidinem
310 3533 456 3607 abicere,
484 3531 616 3607 saepius
644 3530 684 3591 ad
715 3529 830 3589 oratio-

437 3637 461 3678 ar
