2142 4172
241 617 273 669 et
294 608 445 669 iniuriam
468 616 600 686 propter
627 624 747 668 nomen
775 616 867 668 tuum
896 622 1002 682 saepe

241 707 405 784 perpessi,
434 706 620 784 passionem
641 716 729 766 tuam
759 714 791 766 et
812 722 905 765 sacra
926 705 1002 764 vul·

240 819 319 864 nera
339 812 394 864 tua
414 812 577 881 tamquam
600 820 659 864 sua
675 803 805 881 propria
819 819 918 880 saepe
941 802 1000 862 do·

239 901 345 961 lenter
375 901 591 979 recogitantes
620 910 652 961 et
681 899 800 978 gratias
828 899 885 960 tibi
917 899 998 960 inde

216 999 397 1064 amaximas
425 1000 616 1060 referentes.
658 997 750 1060 Tunc
778 997 874 1058 etiam
899 996 998 1058 valde

238 1096 399 1157 timebunt
419 1105 452 1157 et
473 1097 629 1175 lugebunt
649 1113 750 1173 super
770 1113 807 1156 se
828 1095 919 1172 ipsos
941 1111 997 1154 su·

238 1195 346 1271 perbi‚
377 1194 481 1270 avari,
512 1193 631 1270 invidi,
658 1193 779 1271 gulosi,
808 1191 896 1253 cami
925 1209 997 1252 ser·

238 1291 383 1367 vientes,
408 1309 481 1353 raro
503 1293 555 1352 vel
577 1308 755 1368 numquam
777 1291 818 1351 de
839 1289 995 1367 passione

237 1397 292 1450 tua
320 1399 352 1450 et
373 1389 564 1451 vulneribus
592 1388 658 1450 tuis
686 1386 891 1465 compassive
915 1402 995 1461 pen·

204 1495 364 1563 rosantes,
386 1488 444 1548 sed
466 1486 569 1565 magis
590 1485 720 1563 propria
741 1487 831 1547 lucra
852 1494 884 1545 et
906 1500 995 1544 com·

237 1586 332 1646 moda
353 1602 449 1662 quam
474 1594 529 1645 tua
549 1584 709 1645 beneficia
730 1593 763 1644 et
786 1583 902 1643 acerba
922 1582 994 1643 vul-

236 1699 315 1742 nera
336 1683 564 1759 ponderantes.

275 1778 327 1839 Ab
348 1780 401 1841 bis
422 1797 499 1857 ergo
526 1778 693 1857 perversis
722 1788 754 1840 et
778 1777 913 1857 ingratis
935 1779 993 1838 ho·

236 1876 379 1937 minibus
408 1877 534 1938 custodi
557 1893 627 1953 me,
655 1876 813 1952 Domine,
842 1884 874 1936 et
899 1874 992 1952 puris

201 1993 227 2035 1⁵
236 1981 268 2033 et
289 1972 518 2034 innocentibus
532 1974 640 2052 gregis
661 1973 708 2034 tui
728 1973 845 2033 ovibus
860 1988 992 2048 semper

235 2088 288 2131 me
311 2071 482 2149 coniunge,
504 2090 562 2149 pro
579 2072 699 2149 quibus
719 2071 870 2150 dignatus
892 2086 929 2130 es
951 2085 990 2128 ex

236 2167 368 2229 caritate
390 2169 552 2247 cruciligi,
580 2170 663 2230 mori
692 2178 724 2230 et
752 2168 864 2230 multis
888 2165 989 2244 plagis

236 2266 409 2327 vulnerari.

276 2363 305 2426 Ο
328 2365 594 2426 mansuetissime
610 2366 695 2442 lesu,
717 2366 816 2427 indue
831 2381 885 2426 me
901 2379 987 2424 nunc

197 2463 425 2525 aofortitudine
446 2463 576 2524 virtutis
604 2471 678 2523 tuae
707 2472 740 2523 et
765 2461 868 2524 sacris
889 2460 987 2522 armis

234 2559 464 2620 acerbissimae
486 2561 649 2637 passionis
671 2571 745 2621 tuae
769 2558 986 2634 circumcinge

234 2674 286 2717 me
317 2656 461 2733 undique
493 2657 526 2717 in
557 2658 645 2718 omni
676 2658 749 2719 loco
779 2667 811 2717 et
841 2667 985 2732 tempore

233 2763 364 2830 propter
392 2755 511 2815 multas
539 2755 675 2816 insidias
702 2764 736 2816 et
758 2753 984 2830 temptationes

232 2852 364 2930 maligni
380 2852 515 2929 spiritus
530 2853 750 2930 impugnantis
764 2869 817 2914 me
831 2870 851 2912 a
865 2851 984 2914 dextris

196 2961 265 3014 met
295 2969 314 3011 a
344 2951 504 3025 sinistris,
534 2951 624 3011 mille
655 2950 762 3011 modis
792 2962 825 3012 et
854 2951 983 3026 artibus,

232 3065 363 3126 semper
391 3059 499 3109 tamen
525 3047 635 3124 pravis
663 3057 696 3107 et
716 3048 819 3109 vanis.
863 3048 982 3109 Idcirco

231 3147 270 3206 ad
292 3146 478 3222 passionem
501 3155 606 3220 tuam,
635 3145 793 3222 Domine,
820 3145 982 3206 humiliter

232 3243 385 3320 coniugio
415 3253 447 3303 et
478 3261 496 3304 a
523 3254 555 3304 te
586 3244 748 3305 consolari
778 3255 809 3305 et
837 3253 982 3320 potenter
1046 3247 1047 3261 ¹

230 3343 375 3404 adiuvari
398 3343 583 3404 cordialiter
606 3351 691 3419 peto.

194 3454 222 3496 ao
271 3438 300 3501 Ο
332 3439 384 3516 pie
417 3440 508 3516 Iesu,
543 3440 670 3500 adiutor
700 3457 736 3500 ac
767 3439 921 3500 defensor
947 3439 978 3501 in

230 3536 318 3597 omni
347 3537 558 3611 temptatione
589 3547 621 3597 et
649 3536 856 3598 tribulatione
887 3538 979 3598 huius
