2152 4174
230 429 968 540 Qfflmafflissffl

219 615 368 691 propriae
390 616 482 677 matri
506 617 717 679 devotissime
737 619 973 696 obtemperavit

219 713 468 791 cordialiterque
490 714 611 776 dilexit.

260 811 376 872 Gaude
396 821 429 872 et
443 813 574 889 laetare,
595 814 783 875 beatissime
800 815 973 892 lohannes,

218 926 276 986 pro
287 910 463 970 commisso
478 910 535 970 tibi
552 912 709 988 deposito.
739 913 859 975 Carius
874 913 973 990 enim,

195 1007 304 1082 squod
320 1006 476 1068 Christus
497 1007 531 1068 in
553 1010 675 1070 mundo
690 1012 812 1087 habuit,
834 1012 918 1088 apud
940 1021 971 1072 te

220 1104 357 1164 fidenter
379 1106 534 1182 reposuit.
577 1107 719 1168 Multum
741 1118 773 1169 te
798 1109 973 1184 locupleta·

218 1201 274 1277 vit,
295 1203 423 1278 quando
446 1204 584 1265 Mariam
606 1206 640 1265 in
661 1216 891 1268 testamentum
914 1207 971 1267 tibi
1056 1236 1059 1246 =

218 1300 355 1376 legavit,
390 1319 487 1378 quarn
523 1304 629 1380 angeli
665 1304 768 1364 sancti
804 1314 973 1380 nequeunt

217 1397 313 1474 digne
349 1400 490 1460 laudare.
542 1400 698 1462 Christus
729 1413 841 1462 sancto
874 1403 971 1462 Petro
1059 1465 1060 1474 ,

183 1514 208 1556 io
218 1496 328 1556 claves
350 1497 439 1574 regni
469 1498 621 1558 caelestis
649 1499 802 1574 contulit,
832 1508 864 1558 te
892 1516 971 1559 vero
1059 1529 1060 1536 κ

218 1593 452 1655 cubicularium
468 1595 582 1656 matris
592 1613 671 1657 suae
682 1596 859 1656 constituit.
882 1595 970 1657 Olim

218 1702 330 1753 sancto
353 1693 471 1769 Ioseph
501 1694 606 1754 iuerat
634 1694 739 1754 Maria
766 1695 973 1770 desponsata,
1061 1703 1062 1746 i

219 1791 276 1851 sed
307 1808 394 1851 nunc
425 1791 618 1851 secundarie
648 1792 705 1852 tibi
734 1801 785 1852 est
807 1809 972 1853 commen·

219 1891 300 1950 data.
344 1890 392 1950 lni
415 1890 454 1949 ab
476 1890 590 1966 angelo
621 1890 742 1950 dictum
765 1899 831 1950 est:
861 1890 911 1950 Ne
933 1891 972 1950 ti·

185 2003 210 2044 15
220 2003 310 2049 meas
335 1987 484 2063 accipere
506 1987 643 2047 Mariam
666 1987 836 2064 coniugem
865 1998 972 2064 tuam;

220 2084 277 2144 tibi
300 2084 338 2143 ab
360 2084 548 2159 angelorum
573 2084 714 2144 Domino
743 2084 806 2144 iam
835 2083 970 2144 dicitur:

221 2183 305 2243 Ecce
327 2191 431 2243 mater
444 2191 508 2257 tua,
530 2191 575 2257 ut,
596 2182 681 2242 sicut
703 2182 757 2242 ille
779 2198 844 2241 non
867 2181 972 2241 defuit
1063 2251 1064 2256 ἵ

219 2279 336 2356 virgini
360 2279 393 2339 in
414 2279 581 2340 nativitate
604 2279 672 2355 iiiii,
694 2279 737 2339 ita
751 2296 812 2340 neo
834 2289 868 2339 tu
884 2279 974 2339 desis
1063 2279 1064 2282 ’

221 2377 313 2438 matri
343 2377 376 2437 in
405 2376 558 2453 passione
582 2376 708 2438 Christi
740 2394 847 2453 neque
876 2378 974 2454 longo

183 2485 367 2551 antempore
395 2483 469 2549 post
490 2474 718 2534 ascensionem
748 2474 820 2533 eius
848 2473 881 2532 in
904 2491 976 2534 cae·

220 2574 297 2632 lum.
336 2572 463 2649 Quodsi
488 2571 697 2631 beatissimus
713 2572 876 2632 lohannes
891 2571 976 2646 Bap-

219 2670 295 2730 tista
325 2670 429 2729 adhuc
461 2669 714 2745 supervixisset,
745 2669 816 2729 iure
844 2669 976 2745 propin·

220 2767 352 2845 quitatis
383 2775 414 2826 et
446 2766 561 2827 merito
593 2767 750 2827 castitatis
780 2766 874 2826 valde
906 2767 975 2826 ido·

219 2883 303 2927 neus
324 2864 474 2924 minister
503 2874 535 2924 et
563 2864 701 2941 insignis
729 2865 974 2941 paranymphus

183 2965 300 3026 asmihi
328 2963 541 3040 apparuisset.
584 2960 649 3021 Sed
677 2961 831 3037 quoniam
855 2961 974 3036 loseph

220 3080 285 3123 non
308 3069 458 3137 superest
479 3093 518 3102 -
539 3058 621 3119 nihil
637 3059 725 3119 enim
747 3059 787 3119 de
810 3075 849 3118 eo
871 3057 976 3134 perci-

220 3160 316 3236 pitur,
338 3167 445 3218 utrum
464 3166 542 3216 tunc
557 3155 685 3230 vixerit,
706 3172 747 3214 an
770 3155 904 3231 obierit3
927 3155 976 3214 lo·

220 3258 346 3317 hannes
368 3264 475 3316 autem
498 3254 553 3314 diu
576 3263 685 3313 tentus
708 3252 740 3311 in
756 3252 898 3312 vinculis
921 3269 974 3312 oe-

221 3355 309 3416 cisus
331 3363 398 3430 est;
430 3354 522 3413 lesus
544 3351 641 3411 etiam
664 3350 727 3410 iarn
750 3349 845 3409 morti
868 3349 975 3425 proxi·

182 3470 210 3511 so
220 3469 304 3527 muS,
326 3460 359 3511 et
373 3449 437 3511 cito
452 3450 491 3510 ab
507 3449 612 3508 oculis
627 3447 794 3508 auferetur
807 3447 921 3507 matris
935 3481 974 3490 -

220 3560 255 3609 tu
277 3548 392 3624 supple
415 3547 561 3607 omnium
577 3546 668 3606 vices
683 3547 799 3605 horum
823 3560 972 3612 carorum

581 3650 619 3690 154
