<?xml version="1.0" encoding="UTF-8"?>
<!DOCTYPE html PUBLIC "-//W3C//DTD XHTML 1.0 Transitional//EN"
    "http://www.w3.org/TR/xhtml1/DTD/xhtml1-transitional.dtd">
<html xmlns="http://www.w3.org/1999/xhtml" xml:lang="en" lang="en">
 <head>
  <title>
</title>
<meta http-equiv="Content-Type" content="text/html;charset=utf-8" />
  <meta name='ocr-system' content='tesseract 3.04.00' />
  <meta name='ocr-capabilities' content='ocr_page ocr_carea ocr_par ocr_line ocrx_word'/>
</head>
<body>
  <div class='ocr_page' id='page_1' title='image "./thomaehemerkena02pohlgoog_0221.png"; bbox 0 0 2194 4180; ppageno 0'>
   <div class='ocr_carea' id='block_1_1' title="bbox 256 432 998 543">
    <p class='ocr_par' dir='ltr' id='par_1_1' title="bbox 256 432 998 543">
     <span class='ocr_line' id='line_1_1' title="bbox 256 432 998 543; baseline 0.001 -1"><span class='ocrx_word' id='word_1_1' title='bbox 256 432 998 543; x_wconf 43' lang='lat' dir='ltr'>Qunam&amp;</span> 
     </span>
    </p>
   </div>
   <div class='ocr_carea' id='block_1_2' title="bbox 247 621 1005 993">
    <p class='ocr_par' dir='ltr' id='par_1_2' title="bbox 247 621 1005 993">
     <span class='ocr_line' id='line_1_2' title="bbox 248 621 1004 700; baseline 0.001 -19"><span class='ocrx_word' id='word_1_2' title='bbox 248 622 445 698; x_wconf 87' lang='lat' dir='ltr'>sepulturae.</span> <span class='ocrx_word' id='word_1_3' title='bbox 475 621 558 680; x_wconf 87' lang='lat' dir='ltr'>Nam</span> <span class='ocrx_word' id='word_1_4' title='bbox 576 621 773 698; x_wconf 84' lang='lat' dir='ltr'>fidelitatem,</span> <span class='ocrx_word' id='word_1_5' title='bbox 795 639 891 699; x_wconf 88' lang='lat' dir='ltr'>quam</span> <span class='ocrx_word' id='word_1_6' title='bbox 913 622 1004 700; x_wconf 92' lang='lat' dir='ltr'>prius</span> 
     </span>
     <span class='ocr_line' id='line_1_3' title="bbox 247 719 1004 798; baseline 0.003 -18"><span class='ocrx_word' id='word_1_7' title='bbox 247 719 370 781; x_wconf 88' lang='lat' dir='ltr'>viventi</span> <span class='ocrx_word' id='word_1_8' title='bbox 393 719 588 780; x_wconf 86' lang='lat' dir='ltr'>exhibuistis</span> <span class='ocrx_word' id='word_1_9' title='bbox 610 721 733 797; x_wconf 87' lang='lat' dir='ltr'>amico,</span> <span class='ocrx_word' id='word_1_10' title='bbox 761 721 858 781; x_wconf 88' lang='lat' dir='ltr'>etiam</span> <span class='ocrx_word' id='word_1_11' title='bbox 890 730 1004 798; x_wconf 91' lang='lat' dir='ltr'>postea</span> 
     </span>
     <span class='ocr_line' id='line_1_4' title="bbox 247 817 1004 894; baseline 0.001 -17"><span class='ocrx_word' id='word_1_12' title='bbox 247 817 395 894; x_wconf 89' lang='lat' dir='ltr'>ampliori</span> <span class='ocrx_word' id='word_1_13' title='bbox 418 817 592 878; x_wconf 90' lang='lat' dir='ltr'>devotione</span> <span class='ocrx_word' id='word_1_14' title='bbox 610 818 766 879; x_wconf 86' lang='lat' dir='ltr'>exhibere</span> <span class='ocrx_word' id='word_1_15' title='bbox 789 817 928 878; x_wconf 90' lang='lat' dir='ltr'>curastis</span> <span class='ocrx_word' id='word_1_16' title='bbox 950 819 1004 879; x_wconf 88' lang='lat' dir='ltr'>de·</span> 
     </span>
     <span class='ocr_line' id='line_1_5' title="bbox 248 915 1005 993; baseline 0.001 -17"><span class='ocrx_word' id='word_1_17' title='bbox 248 916 369 976; x_wconf 82' lang='lat' dir='ltr'>functo.</span> <span class='ocrx_word' id='word_1_18' title='bbox 428 915 570 993; x_wconf 90' lang='lat' dir='ltr'>ideoque</span> <span class='ocrx_word' id='word_1_19' title='bbox 608 916 783 992; x_wconf 85' lang='lat' dir='ltr'>specialem</span> <span class='ocrx_word' id='word_1_20' title='bbox 816 933 1005 977; x_wconf 88' lang='lat' dir='ltr'>remunera-</span> 
     </span>
    </p>
   </div>
   <div class='ocr_carea' id='block_1_3' title="bbox 1075 359 1077 462">
    <p class='ocr_par' dir='ltr' id='par_1_3' title="bbox 1075 359 1077 462">
     <span class='ocr_line' id='line_1_6' title="bbox 1075 359 1077 462; baseline 0 0"><span class='ocrx_word' id='word_1_21' title='bbox 1075 359 1077 462; x_wconf 84' lang='lat' dir='ltr'>l</span> 
     </span>
    </p>
   </div>
   <div class='ocr_carea' id='block_1_4' title="bbox 224 1012 1077 1091">
    <p class='ocr_par' dir='ltr' id='par_1_4' title="bbox 224 1012 1077 1091">
     <span class='ocr_line' id='line_1_7' title="bbox 224 1012 1077 1091; baseline 0.002 -19"><span class='ocrx_word' id='word_1_22' title='bbox 224 1014 369 1075; x_wconf 75' lang='lat' dir='ltr'>ationem</span> <span class='ocrx_word' id='word_1_23' title='bbox 392 1031 411 1073; x_wconf 90' lang='lat' dir='ltr'>a</span> <span class='ocrx_word' id='word_1_24' title='bbox 432 1014 503 1074; x_wconf 89' lang='lat' dir='ltr'>Deo</span> <span class='ocrx_word' id='word_1_25' title='bbox 532 1013 720 1091; x_wconf 87' lang='lat' dir='ltr'>percipietis</span> <span class='ocrx_word' id='word_1_26' title='bbox 749 1012 782 1074; x_wconf 92' lang='lat' dir='ltr'>in</span> <span class='ocrx_word' id='word_1_27' title='bbox 811 1014 920 1090; x_wconf 90' lang='lat' dir='ltr'>caelo,</span> <span class='ocrx_word' id='word_1_28' title='bbox 951 1014 1003 1074; x_wconf 91' lang='lat' dir='ltr'>cui</span> <span class='ocrx_word' id='word_1_29' title='bbox 1076 1079 1077 1090; x_wconf 23' lang='lat' dir='ltr'>J</span> 
     </span>
    </p>
   </div>
   <div class='ocr_carea' id='block_1_5' title="bbox 247 1113 1003 1174">
    <p class='ocr_par' dir='ltr' id='par_1_5' title="bbox 247 1113 1003 1174">
     <span class='ocr_line' id='line_1_8' title="bbox 247 1113 1003 1174; baseline 0.003 -2"><span class='ocrx_word' id='word_1_30' title='bbox 247 1129 307 1172; x_wconf 92' lang='lat' dir='ltr'>vos</span> <span class='ocrx_word' id='word_1_31' title='bbox 329 1121 392 1172; x_wconf 87' lang='lat' dir='ltr'>tam</span> <span class='ocrx_word' id='word_1_32' title='bbox 416 1113 529 1174; x_wconf 85' lang='lat' dir='ltr'>fideles</span> <span class='ocrx_word' id='word_1_33' title='bbox 545 1113 794 1174; x_wconf 82' lang='lat' dir='ltr'>demonstrastis</span> <span class='ocrx_word' id='word_1_34' title='bbox 815 1113 848 1174; x_wconf 93' lang='lat' dir='ltr'>in</span> <span class='ocrx_word' id='word_1_35' title='bbox 871 1114 1003 1174; x_wconf 89' lang='lat' dir='ltr'>mundo.</span> 
     </span>
    </p>
   </div>
   <div class='ocr_carea' id='block_1_6' title="bbox 248 1201 1077 1292">
    <p class='ocr_par' dir='ltr' id='par_1_6' title="bbox 248 1201 1077 1292">
     <span class='ocr_line' id='line_1_9' title="bbox 248 1201 1077 1292; baseline 0.001 -23"><span class='ocrx_word' id='word_1_36' title='bbox 248 1209 287 1269; x_wconf 88' lang='lat' dir='ltr'>Et</span> <span class='ocrx_word' id='word_1_37' title='bbox 309 1210 360 1271; x_wconf 95' lang='lat' dir='ltr'>cui</span> <span class='ocrx_word' id='word_1_38' title='bbox 383 1209 447 1271; x_wconf 88' lang='lat' dir='ltr'>iam</span> <span class='ocrx_word' id='word_1_39' title='bbox 469 1211 577 1272; x_wconf 94' lang='lat' dir='ltr'>locum</span> <span class='ocrx_word' id='word_1_40' title='bbox 601 1212 788 1288; x_wconf 87' lang='lat' dir='ltr'>sepulturae</span> <span class='ocrx_word' id='word_1_41' title='bbox 810 1210 949 1286; x_wconf 86' lang='lat' dir='ltr'>parastis</span> <span class='ocrx_word' id='word_1_42' title='bbox 971 1210 1003 1270; x_wconf 92' lang='lat' dir='ltr'>in</span> <span class='ocrx_word' id='word_1_43' title='bbox 1076 1201 1077 1292; x_wconf 86' lang='lat' dir='ltr'>J</span> 
     </span>
    </p>
   </div>
   <div class='ocr_carea' id='block_1_7' title="bbox 248 1307 1003 1385">
    <p class='ocr_par' dir='ltr' id='par_1_7' title="bbox 248 1307 1003 1385">
     <span class='ocr_line' id='line_1_10' title="bbox 248 1307 1003 1385; baseline 0 -18"><span class='ocrx_word' id='word_1_44' title='bbox 248 1307 360 1383; x_wconf 90' lang='lat' dir='ltr'>terris,</span> <span class='ocrx_word' id='word_1_45' title='bbox 391 1308 514 1384; x_wconf 83' lang='lat' dir='ltr'>absque</span> <span class='ocrx_word' id='word_1_46' title='bbox 543 1309 640 1369; x_wconf 93' lang='lat' dir='ltr'>dubio</span> <span class='ocrx_word' id='word_1_47' title='bbox 670 1308 741 1385; x_wconf 90' lang='lat' dir='ltr'>ipse</span> <span class='ocrx_word' id='word_1_48' title='bbox 769 1308 887 1369; x_wconf 89' lang='lat' dir='ltr'>iterum</span> <span class='ocrx_word' id='word_1_49' title='bbox 910 1307 1003 1368; x_wconf 90' lang='lat' dir='ltr'>vobis</span> 
     </span>
    </p>
   </div>
   <div class='ocr_carea' id='block_1_8' title="bbox 247 1404 1077 1481">
    <p class='ocr_par' dir='ltr' id='par_1_8' title="bbox 247 1404 1077 1481">
     <span class='ocr_line' id='line_1_11' title="bbox 247 1404 1077 1481; baseline 0.001 -17"><span class='ocrx_word' id='word_1_50' title='bbox 247 1405 451 1481; x_wconf 87' lang='lat' dir='ltr'>praeparabit</span> <span class='ocrx_word' id='word_1_51' title='bbox 466 1405 646 1467; x_wconf 86' lang='lat' dir='ltr'>feliciorem</span> <span class='ocrx_word' id='word_1_52' title='bbox 662 1405 867 1466; x_wconf 88' lang='lat' dir='ltr'>mansionem</span> <span class='ocrx_word' id='word_1_53' title='bbox 883 1404 917 1466; x_wconf 93' lang='lat' dir='ltr'>in</span> <span class='ocrx_word' id='word_1_54' title='bbox 934 1423 1003 1465; x_wconf 90' lang='lat' dir='ltr'>cae·</span> <span class='ocrx_word' id='word_1_55' title='bbox 1076 1417 1077 1440; x_wconf 69' lang='lat'><em>³</em></span> 
     </span>
    </p>
   </div>
   <div class='ocr_carea' id='block_1_9' title="bbox 209 1501 1003 3142">
    <p class='ocr_par' dir='ltr' id='par_1_9' title="bbox 214 1501 1002 1678">
     <span class='ocr_line' id='line_1_12' title="bbox 214 1501 1002 1580; baseline 0.003 -19"><span class='ocrx_word' id='word_1_56' title='bbox 214 1503 401 1578; x_wconf 72' lang='lat' dir='ltr'>intestibus,</span> <span class='ocrx_word' id='word_1_57' title='bbox 432 1501 517 1563; x_wconf 90' lang='lat' dir='ltr'>sicut</span> <span class='ocrx_word' id='word_1_58' title='bbox 538 1505 692 1564; x_wconf 88' lang='lat' dir='ltr'>hesterna</span> <span class='ocrx_word' id='word_1_59' title='bbox 721 1512 817 1563; x_wconf 92' lang='lat' dir='ltr'>nocte</span> <span class='ocrx_word' id='word_1_60' title='bbox 839 1503 909 1564; x_wconf 88' lang='lat' dir='ltr'>suis</span> <span class='ocrx_word' id='word_1_61' title='bbox 932 1520 1002 1580; x_wconf 93' lang='lat' dir='ltr'>pro-</span> 
     </span>
     <span class='ocr_line' id='line_1_13' title="bbox 248 1601 584 1678; baseline 0.006 -18"><span class='ocrx_word' id='word_1_62' title='bbox 248 1601 382 1661; x_wconf 90' lang='lat' dir='ltr'>miserat</span> <span class='ocrx_word' id='word_1_63' title='bbox 403 1601 584 1678; x_wconf 90' lang='lat' dir='ltr'>discipulis.</span> 
     </span>
    </p>

    <p class='ocr_par' dir='ltr' id='par_1_10' title="bbox 248 1696 1003 1971">
     <span class='ocr_line' id='line_1_14' title="bbox 287 1696 1001 1760; baseline 0 -2"><span class='ocrx_word' id='word_1_64' title='bbox 287 1697 418 1759; x_wconf 87' lang='lat' dir='ltr'>Vtinam</span> <span class='ocrx_word' id='word_1_65' title='bbox 441 1709 473 1760; x_wconf 92' lang='lat' dir='ltr'>et</span> <span class='ocrx_word' id='word_1_66' title='bbox 493 1699 572 1760; x_wconf 93' lang='lat' dir='ltr'>mihi</span> <span class='ocrx_word' id='word_1_67' title='bbox 589 1698 734 1760; x_wconf 93' lang='lat' dir='ltr'>omnium</span> <span class='ocrx_word' id='word_1_68' title='bbox 753 1715 924 1760; x_wconf 90' lang='lat' dir='ltr'>servorum</span> <span class='ocrx_word' id='word_1_69' title='bbox 942 1696 1001 1759; x_wconf 88' lang='lat' dir='ltr'>Dei</span> 
     </span>
     <span class='ocr_line' id='line_1_15' title="bbox 248 1795 1001 1857; baseline 0 -1"><span class='ocrx_word' id='word_1_70' title='bbox 248 1796 383 1857; x_wconf 91' lang='lat' dir='ltr'>minimo</span> <span class='ocrx_word' id='word_1_71' title='bbox 412 1796 561 1857; x_wconf 89' lang='lat' dir='ltr'>licuisset</span> <span class='ocrx_word' id='word_1_72' title='bbox 589 1797 751 1857; x_wconf 88' lang='lat' dir='ltr'>interesse</span> <span class='ocrx_word' id='word_1_73' title='bbox 776 1795 908 1857; x_wconf 89' lang='lat' dir='ltr'>Domini</span> <span class='ocrx_word' id='word_1_74' title='bbox 939 1796 1001 1856; x_wconf 91' lang='lat' dir='ltr'>mei</span> 
     </span>
     <span class='ocr_line' id='line_1_16' title="bbox 248 1894 1003 1971; baseline -0.001 -16"><span class='ocrx_word' id='word_1_75' title='bbox 248 1894 414 1971; x_wconf 89' lang='lat' dir='ltr'>exequiis,</span> <span class='ocrx_word' id='word_1_76' title='bbox 445 1904 479 1954; x_wconf 89' lang='lat' dir='ltr'>ut</span> <span class='ocrx_word' id='word_1_77' title='bbox 508 1895 622 1956; x_wconf 87' lang='lat' dir='ltr'>saltem</span> <span class='ocrx_word' id='word_1_78' title='bbox 653 1895 812 1955; x_wconf 90' lang='lat' dir='ltr'>modicam</span> <span class='ocrx_word' id='word_1_79' title='bbox 842 1895 871 1955; x_wconf 94' lang='lat' dir='ltr'>ei</span> <span class='ocrx_word' id='word_1_80' title='bbox 901 1895 1003 1955; x_wconf 91' lang='lat' dir='ltr'>servi·</span> 
     </span>
    </p>

    <p class='ocr_par' dir='ltr' id='par_1_11' title="bbox 215 1990 1002 2444">
     <span class='ocr_line' id='line_1_17' title="bbox 215 1990 1002 2069; baseline 0.001 -19"><span class='ocrx_word' id='word_1_81' title='bbox 215 2002 349 2053; x_wconf 81' lang='lat' dir='ltr'>rstutem</span> <span class='ocrx_word' id='word_1_82' title='bbox 379 1990 568 2067; x_wconf 88' lang='lat' dir='ltr'>impendere</span> <span class='ocrx_word' id='word_1_83' title='bbox 597 1992 788 2069; x_wconf 89' lang='lat' dir='ltr'>potuissem.</span> <span class='ocrx_word' id='word_1_84' title='bbox 837 1992 939 2053; x_wconf 91' lang='lat' dir='ltr'>Certe</span> <span class='ocrx_word' id='word_1_85' title='bbox 968 1991 1002 2051; x_wconf 96' lang='lat' dir='ltr'>li-</span> 
     </span>
     <span class='ocr_line' id='line_1_18' title="bbox 248 2089 1002 2165; baseline -0.004 -15"><span class='ocrx_word' id='word_1_86' title='bbox 248 2090 363 2150; x_wconf 87' lang='lat' dir='ltr'>benter</span> <span class='ocrx_word' id='word_1_87' title='bbox 384 2090 503 2149; x_wconf 87' lang='lat' dir='ltr'>scalam</span> <span class='ocrx_word' id='word_1_88' title='bbox 527 2089 634 2150; x_wconf 91' lang='lat' dir='ltr'>crucis</span> <span class='ocrx_word' id='word_1_89' title='bbox 663 2089 860 2165; x_wconf 90' lang='lat' dir='ltr'>tenuissem,</span> <span class='ocrx_word' id='word_1_90' title='bbox 887 2089 941 2148; x_wconf 91' lang='lat' dir='ltr'>vel</span> <span class='ocrx_word' id='word_1_91' title='bbox 964 2089 1002 2147; x_wconf 92' lang='lat' dir='ltr'>ad</span> 
     </span>
     <span class='ocr_line' id='line_1_19' title="bbox 248 2186 1000 2249; baseline -0.003 -2"><span class='ocrx_word' id='word_1_92' title='bbox 248 2187 480 2249; x_wconf 74' lang='lat' dir='ltr'>extructionem</span> <span class='ocrx_word' id='word_1_93' title='bbox 496 2189 662 2248; x_wconf 87' lang='lat' dir='ltr'>clavorum</span> <span class='ocrx_word' id='word_1_94' title='bbox 678 2187 830 2248; x_wconf 86' lang='lat' dir='ltr'>tenellam</span> <span class='ocrx_word' id='word_1_95' title='bbox 853 2186 1000 2246; x_wconf 85' lang='lat' dir='ltr'>fabrilem</span> 
     </span>
     <span class='ocr_line' id='line_1_20' title="bbox 247 2282 1002 2361; baseline -0.005 -15"><span class='ocrx_word' id='word_1_96' title='bbox 247 2303 378 2346; x_wconf 90' lang='lat' dir='ltr'>sursum</span> <span class='ocrx_word' id='word_1_97' title='bbox 394 2284 624 2361; x_wconf 78' lang='lat' dir='ltr'>porr-exissem,</span> <span class='ocrx_word' id='word_1_98' title='bbox 646 2284 811 2345; x_wconf 87' lang='lat' dir='ltr'>autetiam</span> <span class='ocrx_word' id='word_1_99' title='bbox 827 2282 1002 2344; x_wconf 78' lang='lat' dir='ltr'>deferenti-</span> 
     </span>
     <span class='ocr_line' id='line_1_21' title="bbox 247 2379 1000 2444; baseline -0.001 -1"><span class='ocrx_word' id='word_1_100' title='bbox 247 2383 308 2444; x_wconf 89' lang='lat' dir='ltr'>bus</span> <span class='ocrx_word' id='word_1_101' title='bbox 343 2400 474 2444; x_wconf 86' lang='lat' dir='ltr'>manum</span> <span class='ocrx_word' id='word_1_102' title='bbox 511 2381 660 2443; x_wconf 87' lang='lat' dir='ltr'>adiutorii</span> <span class='ocrx_word' id='word_1_103' title='bbox 697 2381 920 2442; x_wconf 89' lang='lat' dir='ltr'>contulissem.</span> <span class='ocrx_word' id='word_1_104' title='bbox 972 2379 1000 2442; x_wconf 95' lang='lat' dir='ltr'>O</span> 
     </span>
    </p>

    <p class='ocr_par' dir='ltr' id='par_1_12' title="bbox 210 2478 1001 2948">
     <span class='ocr_line' id='line_1_22' title="bbox 210 2478 1001 2557; baseline -0.005 -16"><span class='ocrx_word' id='word_1_105' title='bbox 210 2497 342 2557; x_wconf 78' lang='lat' dir='ltr'>mquam</span> <span class='ocrx_word' id='word_1_106' title='bbox 365 2482 449 2542; x_wconf 90' lang='lat' dir='ltr'>bene</span> <span class='ocrx_word' id='word_1_107' title='bbox 471 2481 552 2542; x_wconf 92' lang='lat' dir='ltr'>mibi</span> <span class='ocrx_word' id='word_1_108' title='bbox 572 2479 772 2556; x_wconf 83' lang='lat' dir='ltr'>contigisset,</span> <span class='ocrx_word' id='word_1_109' title='bbox 793 2478 820 2538; x_wconf 89' lang='lat' dir='ltr'>si</span> <span class='ocrx_word' id='word_1_110' title='bbox 844 2487 908 2538; x_wconf 91' lang='lat' dir='ltr'>tam</span> <span class='ocrx_word' id='word_1_111' title='bbox 930 2496 1001 2555; x_wconf 91' lang='lat' dir='ltr'>pro-</span> 
     </span>
     <span class='ocr_line' id='line_1_23' title="bbox 246 2575 1001 2655; baseline -0.004 -17"><span class='ocrx_word' id='word_1_112' title='bbox 246 2577 368 2655; x_wconf 89' lang='lat' dir='ltr'>pinque</span> <span class='ocrx_word' id='word_1_113' title='bbox 391 2579 567 2654; x_wconf 90' lang='lat' dir='ltr'>stetissem,</span> <span class='ocrx_word' id='word_1_114' title='bbox 588 2587 623 2638; x_wconf 89' lang='lat' dir='ltr'>ut</span> <span class='ocrx_word' id='word_1_115' title='bbox 645 2594 746 2637; x_wconf 90' lang='lat' dir='ltr'>unum</span> <span class='ocrx_word' id='word_1_116' title='bbox 769 2593 808 2636; x_wconf 88' lang='lat' dir='ltr'>ex</span> <span class='ocrx_word' id='word_1_117' title='bbox 829 2575 1001 2636; x_wconf 91' lang='lat' dir='ltr'>dominicis</span> 
     </span>
     <span class='ocr_line' id='line_1_24' title="bbox 246 2673 1000 2736; baseline -0.001 -2"><span class='ocrx_word' id='word_1_118' title='bbox 246 2675 347 2735; x_wconf 91' lang='lat' dir='ltr'>clavis</span> <span class='ocrx_word' id='word_1_119' title='bbox 369 2677 407 2735; x_wconf 87' lang='lat' dir='ltr'>ab</span> <span class='ocrx_word' id='word_1_120' title='bbox 429 2676 492 2736; x_wconf 88' lang='lat' dir='ltr'>alto</span> <span class='ocrx_word' id='word_1_121' title='bbox 524 2674 729 2735; x_wconf 90' lang='lat' dir='ltr'>desilientem</span> <span class='ocrx_word' id='word_1_122' title='bbox 759 2673 791 2733; x_wconf 92' lang='lat' dir='ltr'>in</span> <span class='ocrx_word' id='word_1_123' title='bbox 820 2673 895 2733; x_wconf 90' lang='lat' dir='ltr'>sinu</span> <span class='ocrx_word' id='word_1_124' title='bbox 928 2691 1000 2734; x_wconf 92' lang='lat' dir='ltr'>meo</span> 
     </span>
     <span class='ocr_line' id='line_1_25' title="bbox 247 2771 1000 2850; baseline -0.001 -18"><span class='ocrx_word' id='word_1_125' title='bbox 247 2773 445 2850; x_wconf 89' lang='lat' dir='ltr'>recepissem</span> <span class='ocrx_word' id='word_1_126' title='bbox 466 2790 524 2849; x_wconf 93' lang='lat' dir='ltr'>pro</span> <span class='ocrx_word' id='word_1_127' title='bbox 540 2771 625 2837; x_wconf 84' lang='lat' dir='ltr'>¹dulci</span> <span class='ocrx_word' id='word_1_128' title='bbox 642 2771 821 2833; x_wconf 91' lang='lat' dir='ltr'>memoriali</span> <span class='ocrx_word' id='word_1_129' title='bbox 837 2771 1000 2847; x_wconf 90' lang='lat' dir='ltr'>passionis</span> 
     </span>
     <span class='ocr_line' id='line_1_26' title="bbox 246 2869 999 2948; baseline -0.004 -17"><span class='ocrx_word' id='word_1_130' title='bbox 246 2871 334 2947; x_wconf 91' lang='lat' dir='ltr'>eius,</span> <span class='ocrx_word' id='word_1_131' title='bbox 361 2881 396 2931; x_wconf 91' lang='lat' dir='ltr'>ut</span> <span class='ocrx_word' id='word_1_132' title='bbox 426 2871 578 2948; x_wconf 89' lang='lat' dir='ltr'>quotiens</span> <span class='ocrx_word' id='word_1_133' title='bbox 601 2871 692 2931; x_wconf 93' lang='lat' dir='ltr'>illum</span> <span class='ocrx_word' id='word_1_134' title='bbox 714 2869 931 2946; x_wconf 90' lang='lat' dir='ltr'>inspicerem,</span> <span class='ocrx_word' id='word_1_135' title='bbox 962 2869 999 2928; x_wconf 87' lang='lat' dir='ltr'>ad</span> 
     </span>
    </p>

    <p class='ocr_par' dir='ltr' id='par_1_13' title="bbox 209 2968 781 3030">
     <span class='ocr_line' id='line_1_27' title="bbox 209 2968 781 3030; baseline -0.003 0"><span class='ocrx_word' id='word_1_136' title='bbox 209 2987 236 3030; x_wconf 81' lang='lat'>25</span> <span class='ocrx_word' id='word_1_137' title='bbox 246 2968 395 3028; x_wconf 90' lang='lat' dir='ltr'>lacrimas</span> <span class='ocrx_word' id='word_1_138' title='bbox 416 2969 523 3029; x_wconf 87' lang='lat' dir='ltr'>statim</span> <span class='ocrx_word' id='word_1_139' title='bbox 547 2985 781 3029; x_wconf 90' lang='lat' dir='ltr'>commoverer.</span> 
     </span>
    </p>

    <p class='ocr_par' dir='ltr' id='par_1_14' title="bbox 288 3063 998 3142">
     <span class='ocr_line' id='line_1_28' title="bbox 288 3063 998 3142; baseline -0.004 -16"><span class='ocrx_word' id='word_1_140' title='bbox 288 3066 396 3126; x_wconf 91' lang='lat' dir='ltr'>Laudo</span> <span class='ocrx_word' id='word_1_141' title='bbox 419 3075 451 3126; x_wconf 88' lang='lat' dir='ltr'>et</span> <span class='ocrx_word' id='word_1_142' title='bbox 468 3065 649 3126; x_wconf 85' lang='lat' dir='ltr'>honorifico</span> <span class='ocrx_word' id='word_1_143' title='bbox 671 3074 703 3125; x_wconf 92' lang='lat' dir='ltr'>te</span> <span class='ocrx_word' id='word_1_144' title='bbox 718 3082 776 3142; x_wconf 93' lang='lat' dir='ltr'>pro</span> <span class='ocrx_word' id='word_1_145' title='bbox 792 3063 998 3124; x_wconf 88' lang='lat' dir='ltr'>desiderabili</span> 
     </span>
    </p>
   </div>
   <div class='ocr_carea' id='block_1_10' title="bbox 1072 1763 1077 2018">
    <p class='ocr_par' dir='ltr' id='par_1_15' title="bbox 1072 1763 1077 2018">
     <span class='ocr_line' id='line_1_29' title="bbox 1072 1763 1077 2018; baseline 0 0"><span class='ocrx_word' id='word_1_146' title='bbox 1072 1763 1077 2018; x_wconf 83' lang='lat' dir='ltr'>l</span> 
     </span>
    </p>
   </div>
   <div class='ocr_carea' id='block_1_11' title="bbox 245 3162 1074 3334">
    <p class='ocr_par' dir='ltr' id='par_1_16' title="bbox 245 3162 1074 3346">
     <span class='ocr_line' id='line_1_30' title="bbox 245 3162 1074 3242; baseline -0.004 -18"><span class='ocrx_word' id='word_1_147' title='bbox 245 3163 301 3224; x_wconf 93' lang='lat' dir='ltr'>illo</span> <span class='ocrx_word' id='word_1_148' title='bbox 336 3163 505 3240; x_wconf 88' lang='lat' dir='ltr'>amplexu,</span> <span class='ocrx_word' id='word_1_149' title='bbox 540 3162 669 3240; x_wconf 88' lang='lat' dir='ltr'>quando</span> <span class='ocrx_word' id='word_1_150' title='bbox 706 3163 791 3222; x_wconf 88' lang='lat' dir='ltr'>inter</span> <span class='ocrx_word' id='word_1_151' title='bbox 820 3178 938 3222; x_wconf 87' lang='lat' dir='ltr'>manus</span> <span class='ocrx_word' id='word_1_152' title='bbox 968 3171 999 3222; x_wconf 92' lang='lat' dir='ltr'>et</span> <span class='ocrx_word' id='word_1_153' title='bbox 1073 3189 1074 3242; x_wconf 60' lang='lat' dir='ltr'>t</span> 
     </span>
     <span class='ocr_line' id='line_1_31' title="bbox 245 3259 999 3334; baseline -0.004 -13"><span class='ocrx_word' id='word_1_154' title='bbox 245 3261 396 3321; x_wconf 86' lang='lat' dir='ltr'>bracchia</span> <span class='ocrx_word' id='word_1_155' title='bbox 413 3259 619 3320; x_wconf 87' lang='lat' dir='ltr'>tristissimae</span> <span class='ocrx_word' id='word_1_156' title='bbox 635 3259 749 3319; x_wconf 87' lang='lat' dir='ltr'>matris</span> <span class='ocrx_word' id='word_1_157' title='bbox 770 3269 844 3318; x_wconf 88' lang='lat' dir='ltr'>tuae</span> <span class='ocrx_word' id='word_1_158' title='bbox 866 3275 999 3334; x_wconf 90' lang='lat' dir='ltr'>suscep·</span> 
     </span>
    </p>
   </div>
   <div class='ocr_carea' id='block_1_12' title="bbox 208 3355 1000 3531">
    <p class='ocr_par' dir='ltr' id='par_1_17' title="bbox 208 3355 1000 3531">
     <span class='ocr_line' id='line_1_32' title="bbox 245 3355 1000 3433; baseline -0.003 -17"><span class='ocrx_word' id='word_1_159' title='bbox 245 3366 297 3417; x_wconf 90' lang='lat' dir='ltr'>tus</span> <span class='ocrx_word' id='word_1_160' title='bbox 319 3375 356 3418; x_wconf 91' lang='lat' dir='ltr'>es</span> <span class='ocrx_word' id='word_1_161' title='bbox 378 3366 410 3417; x_wconf 93' lang='lat' dir='ltr'>et</span> <span class='ocrx_word' id='word_1_162' title='bbox 431 3358 601 3433; x_wconf 89' lang='lat' dir='ltr'>amplexus</span> <span class='ocrx_word' id='word_1_163' title='bbox 623 3366 719 3433; x_wconf 88' lang='lat' dir='ltr'>atque</span> <span class='ocrx_word' id='word_1_164' title='bbox 736 3355 842 3415; x_wconf 90' lang='lat' dir='ltr'>eidem</span> <span class='ocrx_word' id='word_1_165' title='bbox 858 3371 898 3414; x_wconf 89' lang='lat' dir='ltr'>ex</span> <span class='ocrx_word' id='word_1_166' title='bbox 914 3372 1000 3415; x_wconf 94' lang='lat' dir='ltr'>com-</span> 
     </span>
     <span class='ocr_line' id='line_1_33' title="bbox 208 3452 1000 3531; baseline -0.009 -11"><span class='ocrx_word' id='word_1_167' title='bbox 208 3454 374 3531; x_wconf 80' lang='lat' dir='ltr'>aopassiva</span> <span class='ocrx_word' id='word_1_168' title='bbox 395 3455 568 3516; x_wconf 88' lang='lat' dir='ltr'>devotione</span> <span class='ocrx_word' id='word_1_169' title='bbox 591 3473 609 3515; x_wconf 87' lang='lat' dir='ltr'>a</span> <span class='ocrx_word' id='word_1_170' title='bbox 631 3455 782 3515; x_wconf 86' lang='lat' dir='ltr'>fidelibus</span> <span class='ocrx_word' id='word_1_171' title='bbox 811 3452 947 3513; x_wconf 88' lang='lat' dir='ltr'>traditus</span> <span class='ocrx_word' id='word_1_172' title='bbox 969 3465 1000 3513; x_wconf 91' lang='lat' dir='ltr'>et</span> 
     </span>
    </p>
   </div>
   <div class='ocr_carea' id='block_1_13' title="bbox 245 3548 997 3700">
    <p class='ocr_par' dir='ltr' id='par_1_18' title="bbox 245 3548 997 3700">
     <span class='ocr_line' id='line_1_34' title="bbox 245 3548 997 3630; baseline 0 -19"><span class='ocrx_word' id='word_1_173' title='bbox 245 3552 278 3612; x_wconf 93' lang='lat' dir='ltr'>in</span> <span class='ocrx_word' id='word_1_174' title='bbox 300 3552 447 3628; x_wconf 82' lang='lat' dir='ltr'>virginali</span> <span class='ocrx_word' id='word_1_175' title='bbox 480 3554 552 3614; x_wconf 92' lang='lat' dir='ltr'>eius</span> <span class='ocrx_word' id='word_1_176' title='bbox 582 3552 708 3630; x_wconf 83' lang='lat' dir='ltr'>gremio</span> <span class='ocrx_word' id='word_1_177' title='bbox 740 3551 926 3612; x_wconf 88' lang='lat' dir='ltr'>collocatus.</span> <span class='ocrx_word' id='word_1_178' title='bbox 969 3548 997 3611; x_wconf 94' lang='grc' dir='ltr'>Ο</span> 
     </span>
     <span class='ocr_line' id='line_1_35' title="bbox 603 3657 644 3700; baseline -0.024 0"><span class='ocrx_word' id='word_1_179' title='bbox 603 3657 644 3700; x_wconf 78' lang='lat' dir='ltr'>zor</span> 
     </span>
    </p>
   </div>
   <div class='ocr_carea' id='block_1_14' title="bbox 0 0 1102 4180">
    <p class='ocr_par' dir='ltr' id='par_1_19' title="bbox 0 0 1102 4180">
     <span class='ocr_line' id='line_1_36' title="bbox 0 0 1102 4180; baseline 0 1"><span class='ocrx_word' id='word_1_180' title='bbox 0 0 1102 4180; x_wconf 95' lang='lat' dir='ltr'> </span> 
     </span>
    </p>
   </div>
  </div>
 </body>
</html>
