2152 4174
238 415 987 524 Qffimafflffi

232 610 399 679 assumpta
414 601 572 680 religione
587 604 810 679 perseveranti
821 605 989 666 voluntate

231 699 288 760 tibi
319 699 467 760 famulari
497 716 559 759 nec
588 700 655 760 ullo
684 701 790 761 taedio
821 702 942 762 laboris
971 722 990 764 a

233 797 362 858 fervore
393 797 465 874 piae
497 797 725 858 aemulationis
760 798 894 874 lassari,
930 801 989 860 sed

231 912 363 972 semper
398 895 436 955 ad
473 896 635 957 anteriora
665 913 718 956 me
748 898 925 958 extendere
945 887 990 958 ¹et

208 992 392 1052 ⁵constanti
422 992 530 1052 animo
560 993 790 1070 temptationes
819 994 927 1054 carnis
956 1005 989 1056 et

231 1089 417 1166 spirituales
442 1090 704 1168 impugnationes
732 1092 891 1168 refutare,
920 1110 989 1152 om·

231 1204 305 1246 nem
342 1186 528 1264 patientiam
565 1188 598 1247 in
636 1188 783 1248 adversis
818 1188 988 1264 exhibere,

231 1285 400 1346 hominurn
413 1285 574 1363 vituperia
588 1303 654 1346 non
669 1286 786 1346 timere
801 1303 862 1347 nec
873 1287 989 1347 laudes

231 1381 400 1459 affectare,
431 1401 449 1442 a
470 1383 698 1459 praesentibus
721 1385 834 1444 oculos
865 1385 988 1445 mentis

197 1490 389 1556 1⁰avertere,
410 1480 443 1540 in
466 1490 498 1541 te
519 1481 617 1542 unico
637 1481 768 1541 salutari
791 1498 865 1541 meo
888 1483 988 1542 totale

231 1577 392 1654 refugium
422 1595 580 1654 quaerere
609 1596 670 1639 nec
699 1579 888 1656 proaliquo
911 1597 987 1640 caro

231 1675 282 1735 vel
314 1675 476 1751 displicito
508 1694 527 1735 a
553 1677 666 1736 beatae
696 1677 803 1737 crucis
834 1678 987 1754 amplexu

231 1773 384 1849 retroire,
415 1775 474 1834 sed
505 1775 565 1834 sub
595 1774 742 1835 eiusdem
773 1775 988 1851 protectione,

231 1869 350 1930 vexillo
392 1879 488 1947 atque
531 1871 698 1948 signaculo
737 1871 835 1932 vitam
879 1888 987 1933 meam

197 1981 221 2022 15
232 1968 318 2028 Felici
341 1968 429 2028 exitu
451 1985 510 2045 per
531 1969 769 2029 oboedientiam
798 1970 987 2031 terminare.

230 2065 346 2126 Amen.

396 2163 666 2241 [CAPITVLVM
693 2164 823 2240 XXIII.]

263 2289 309 2348 De
330 2290 422 2348 aerbo
444 2289 488 2349 ad
509 2290 665 2348 latronem
688 2289 720 2348 in
743 2304 833 2348 cruce
854 2288 951 2349 dicto.

231 2399 478 2620 &medico
498 2466 530 2517 et
544 2457 663 2534 gratias
678 2475 737 2534 ago
752 2457 820 2532 tibi,
844 2457 988 2519 Domine

193 2568 220 2610 ao
362 2555 436 2614 Iesu
467 2554 620 2629 Christe,
655 2571 819 2615 summum
851 2572 888 2613 ac
920 2555 988 2616 sin·

229 2652 340 2728 gulare
362 2653 508 2712 solamen
531 2661 748 2728 peccatorum,
770 2668 828 2729 pro
850 2661 906 2712 tua
928 2653 988 2713 im·

230 2765 344 2809 mensa
365 2748 484 2824 pietate
506 2757 538 2808 et
560 2749 835 2825 superabundanti
858 2750 988 2811 miseri-

229 2846 348 2921 cordia,
373 2864 468 2923 quam
491 2848 745 2908 sceleratissimo
768 2847 844 2907 olim
867 2847 986 2909 latroni

229 2962 247 3003 a
269 2945 392 3004 dextris
411 2944 477 3004 tuis
492 2945 524 3004 in
541 2962 638 3005 cruce
653 2945 818 3022 pendenti,
840 2946 899 3005 sed
921 2947 986 3007 iam

192 3058 303 3102 assero
333 3059 493 3102 converso
522 3051 553 3102 et
581 3051 648 3103 toto
680 3043 777 3103 corde
805 3043 985 3119 paenitenti

229 3140 384 3201 exhibere
415 3141 564 3217 dignatus
599 3158 645 3200 es.
697 3141 810 3202 Statim
842 3158 986 3218 namque

229 3247 263 3297 ut
292 3247 416 3299 reatum
446 3256 542 3300 suum
572 3239 702 3316 agnovit
728 3249 759 3298 et
781 3239 821 3298 de
843 3239 986 3314 peractis

228 3335 323 3395 malis
351 3354 429 3397 vere
458 3336 632 3414 paenituit,
661 3336 807 3396 omnium
836 3346 986 3412 peccato·

228 3451 299 3493 rum
338 3451 471 3494 suorum
508 3433 737 3494 remissionem
780 3442 812 3494 et
842 3435 984 3510 paradisi

191 3530 395 3591 aointroitum
419 3531 481 3591 fida
503 3531 569 3591 oris
598 3530 643 3590 tui
670 3531 890 3607 promissione
912 3550 985 3608 per·

588 3636 626 3677 140
