2118 4180
238 425 982 536 warminiam&

232 612 440 689 seminando,
470 630 558 674 nunc
580 613 613 673 in
635 612 817 689 montibus,
844 631 933 674 nunc
956 613 989 675 in

231 712 303 771 loco
319 710 492 787 campestri
508 720 618 787 aperte
634 711 797 770 docendo:
819 710 874 788 qui
890 711 989 771 etiam

231 809 265 868 in
300 807 523 869 testimonium
564 825 675 868 sacrae
711 807 876 869 doctrinae
914 819 990 870 tuae

231 906 387 967 miracula
415 907 529 966 crebra
556 915 709 984 operatus
735 922 772 966 es
793 907 990 984 paralyticos

207 1003 403 1081 serigendo,
434 1020 550 1064 caecos
578 1003 808 1080 illuminando,
839 1005 989 1081 leprosos

230 1101 433 1178 mundando,
462 1103 639 1162 daemones
667 1101 816 1163 eiciendo
845 1111 878 1163 et
903 1120 989 1162 mor·

230 1208 304 1259 tuos
326 1198 441 1259 deifice
463 1199 661 1260 suscitando.

271 1295 300 1357 O
330 1296 442 1357 inclite
472 1296 564 1373 lesu,
596 1293 657 1358 'lux
687 1298 801 1359 mundi
834 1307 866 1358 et
898 1298 990 1357 salus

229 1393 340 1471 populi
357 1393 467 1469 lsrael,
488 1394 563 1470 vita,
584 1395 689 1456 virtus
704 1405 736 1457 et
750 1395 852 1473 gloria
866 1405 990 1471 nostra,

196 1522 220 1562 10
230 1491 357 1569 respice
385 1491 545 1569 propitius
573 1492 793 1554 infirmitatem
820 1511 926 1554 meam
958 1502 990 1554 et
1045 1479 1046 1484 ἵ

230 1592 270 1651 de
290 1591 387 1650 corde
407 1607 480 1651 meo
501 1607 632 1652 omnem
648 1592 775 1669 expelle
790 1591 989 1668 passionem.

230 1687 381 1748 Illumina
391 1688 504 1748 oculos
515 1705 607 1748 meos
618 1688 802 1765 interiores,
814 1698 849 1749 ut
859 1688 989 1749 videam

229 1787 341 1846 lumen
367 1785 458 1846 caeli.
500 1783 600 1862 Aperi
626 1803 723 1846 aures
747 1785 990 1863 intellegentiae

231 1899 341 1958 meae,
369 1891 403 1942 ut
425 1881 571 1958 audiam,
600 1883 677 1960 quid
699 1883 843 1961 loquaris
869 1883 902 1943 in
924 1901 991 1960 me,

198 2013 222 2055 15
232 1983 324 2042 Deus
352 1997 456 2041 meua.
498 1980 593 2058 Erige
621 1998 675 2041 me
703 1982 744 2042 de
764 1982 894 2059 grabato
917 1997 992 2041 ace-

231 2079 313 2155 diae,
334 2089 370 2140 ut
390 2078 553 2139 ambulem
576 2079 615 2139 de
635 2078 755 2139 virtute
776 2079 809 2139 in
824 2079 991 2140 virtutem.
1047 2084 1048 2160 l

232 2178 352 2238 Rectos
379 2177 428 2237 lac
449 2176 551 2253 pedes
572 2192 665 2236 meos
686 2175 720 2236 in
742 2175 902 2236 mandatis
923 2175 992 2236 tuis
1047 2175 1048 2178 ’

231 2284 263 2336 et
293 2275 400 2335 aridas
429 2291 546 2334 manus
576 2290 667 2334 meas
698 2275 814 2335 robora
848 2275 887 2334 ad
918 2273 992 2333 dili·

230 2372 371 2451 gentiam
389 2371 519 2433 laboris.
550 2371 675 2432 Munda
695 2388 748 2431 me
770 2389 789 2431 a
809 2371 899 2447 lepra
921 2386 992 2430 car-

194 2470 299 2547 fflnis,
329 2487 409 2530 sana
438 2485 491 2528 me
522 2468 561 2528 ab
592 2467 640 2528 ira
671 2467 808 2546 furoriS,
841 2468 991 2546 deprime

230 2576 392 2627 tumorem
423 2565 615 2642 superbiae,
650 2565 741 2642 eripe
775 2566 815 2625 ab
845 2565 992 2627 invidiae

230 2663 372 2738 stimulo,
394 2662 534 2723 defende
555 2663 594 2722 ab
617 2662 760 2741 ingluvie
782 2662 918 2738 ventris,
940 2681 992 2724 re-

230 2761 315 2838 pelle
345 2769 471 2838 pestem
507 2760 680 2836 avaritiae,
715 2769 848 2820 contere
879 2769 992 2821 motus

229 2855 392 2917 lasciviae.
438 2857 529 2918 Haec
557 2866 633 2918 sunt
661 2857 749 2917 enim
775 2855 991 2935 gravissimae

193 2952 401 3030 25passiones
422 2954 619 3031 aegrotantis
640 2954 768 3015 animae
788 2964 819 3016 et
841 2955 991 3016 occultae

229 3051 421 3129 agitationes
436 3052 631 3112 daemonum
647 3070 665 3112 a
680 3061 722 3129 te,
744 3051 886 3112 Domine
902 3051 991 3128 Iesu,

229 3149 392 3208 sanandae
420 3158 452 3209 et
480 3149 514 3209 in
542 3150 642 3209 verbo
671 3149 801 3210 virtutis
830 3157 905 3208 tuae
935 3166 991 3210 ex-

229 3246 409 3323 pellendae.
449 3246 555 3308 Nemo
577 3257 684 3324 potest
704 3249 786 3308 haec
808 3246 991 3323 spiritualia

230 3343 366 3405 vulnera
401 3362 514 3406 curare
550 3356 582 3408 et
617 3345 772 3407 interiora
807 3344 990 3407 sanctitatis

192 3443 322 3519 fflsigna
343 3443 481 3520 operari,
506 3443 570 3504 nisi
590 3453 624 3505 tu
647 3444 748 3520 solus,
771 3444 862 3503 Deus
884 3443 989 3504 omni·

230 3551 363 3618 potens,
385 3541 439 3619 qui
463 3540 562 3618 dicis,
588 3550 620 3601 et
642 3539 749 3602 statim
773 3540 870 3616 liunt,
896 3557 988 3617 prae·

593 3645 621 3687 42
