2152 4174
72 441 818 555 Qffislaafflffi

66 652 133 694 sum
158 634 204 694 illi
221 633 260 693 ad
275 649 390 693 vocem
407 631 629 708 inquisitionis
644 647 710 690 non
726 630 820 689 dares

66 749 121 792 nec
154 731 301 808 signum,
332 730 419 806 quod
448 747 505 806 pro
536 738 613 789 tunc
644 728 724 787 utile
754 743 820 786 non

67 838 139 905 erat,
162 828 366 902 ostenderes,
388 827 464 903 quia
485 828 565 886 hora
583 825 723 902 patiendi
742 833 820 899 erat,

67 944 125 986 non
158 927 252 1002 signa
282 925 455 1001 operandi,
485 941 560 984 mox
592 930 774 983 commotus
803 939 822 980 a

68 1023 247 1084 reverentia
268 1031 323 1082 tua
344 1021 501 1081 avertitur
522 1031 554 1081 et
571 1039 628 1097 pro
645 1019 843 1096 insipiente⁵

68 1131 217 1197 reputans
247 1120 330 1180 elata
358 1128 468 1179 mente
492 1129 523 1179 te
546 1118 669 1195 sprevit
691 1135 727 1177 ac
750 1118 820 1178 alba

68 1215 210 1276 indutum
233 1226 326 1276 veste
347 1215 449 1276 illusit
472 1226 503 1276 et
519 1215 622 1275 Pilato
645 1213 779 1275 remisit.

104 1315 212 1375 Laudo
242 1325 276 1376 ct
303 1313 483 1373 honorifico
513 1323 560 1388 te,
591 1311 702 1372 inclite
735 1311 819 1387 Iesu,

12 1461 13 1470 ,
69 1429 120 1486 pro
142 1411 270 1488 magnis
299 1411 539 1488 fatigationibus
569 1420 600 1470 et
624 1409 819 1485 importunis

12 1571 13 1574 ,
69 1510 219 1570 tractibus
240 1508 322 1584 tuis,
351 1526 425 1569 cum
450 1525 508 1584 per
530 1508 620 1568 vicos
642 1517 674 1568 et
697 1508 819 1582 plateas
832 1518 856 1560 1⁰

71 1607 241 1667 Ierusalem
265 1607 398 1667 deloco
427 1606 466 1666 ad
491 1607 615 1681 locum,
644 1606 684 1665 de
713 1605 819 1665 iudice

69 1705 103 1763 ad
124 1704 265 1764 iudicem
295 1721 368 1764 cum
399 1703 541 1763 derisivo
567 1704 707 1763 clamore
731 1702 820 1763 luisti

70 1802 180 1863 ductus
202 1811 234 1862 et
257 1801 427 1877 reductus,
456 1801 577 1878 ubique
605 1800 746 1877 graviter
770 1818 820 1860 ac·

70 1910 205 1975 euectus
228 1899 349 1975 ubique
367 1898 552 1959 diffamatus
567 1907 599 1958 et
614 1908 687 1974 post
702 1900 820 1959 multas

12 2035 13 2054 t
70 1995 334 2074 interrogationes
356 2008 387 2059 et
409 1998 505 2074 longa
519 1997 668 2057 examina
689 1997 728 2058 ad
748 2009 855 2057 cru-¹⁵

70 2093 115 2153 cis
135 2095 312 2170 patibulum
335 2096 526 2170 postulatus.

107 2190 133 2252 Ο
164 2209 259 2268 quam
291 2191 466 2268 singularis
497 2192 530 2252 in
566 2193 626 2252 hac
657 2192 730 2252 vice
765 2210 818 2269 pa·

71 2286 175 2348 tientia
196 2288 230 2349 in
252 2299 284 2350 te
307 2290 449 2366 refulsit,
471 2307 554 2366 quae
576 2290 673 2350 tantis
696 2289 819 2351 illusio·

70 2402 141 2446 num
163 2387 306 2448 stimulis
327 2403 393 2446 non
415 2387 524 2446 cessit.
566 2388 655 2447 Haec
678 2404 818 2464 namque

12 2493 13 2496 ’
71 2484 242 2544 recordatio
265 2483 414 2559 publicae
436 2485 656 2561 despectionis
673 2494 747 2544 tuac
763 2485 854 2544 du-ao

71 2597 131 2640 ram
166 2592 309 2643 mentem
341 2582 435 2642 valde
466 2582 670 2659 compungit,
706 2582 818 2642 iratam

72 2677 235 2740 mitescere
259 2679 335 2740 lacit
359 2688 391 2738 et
419 2678 567 2739 devotam
598 2687 751 2754 provocat
780 2678 818 2737 ad

71 2775 249 2837 lamentum.
282 2777 365 2837 Ecce
381 2786 426 2852 tu,
443 2777 533 2836 Deus
548 2777 738 2852 altissimus,
760 2778 818 2836 hu-

71 2872 197 2934 miliaris
226 2884 261 2934 ut
289 2875 507 2950 novissimu8‚
536 2887 570 2934 tu
595 2875 740 2935 omnium
763 2892 818 2950 po-

71 2970 267 3032 tentissimus
289 2972 473 3048 reprobaris
495 2982 529 3032 ut
546 2973 761 3048 miserrimus,
783 2982 853 3032 turs
902 2970 903 2975 ’

71 3070 207 3130 omnium
231 3069 494 3146 sapientissimus
516 3069 675 3130 derideris
691 3079 725 3129 ut
740 3070 818 3128 stul-

70 3166 219 3244 tissimus,
241 3179 275 3229 tu
296 3167 441 3228 omnium
457 3168 748 3228 innocentissimus
770 3168 817 3229 iu-

71 3264 179 3326 dicaris
202 3277 236 3327 ut
259 3264 542 3327 sceleratissimus.

105 3363 169 3424 Vae
191 3363 271 3424 mihi
295 3363 418 3425 inlelici
448 3364 609 3440 peccatori
638 3363 727 3441 gravi
752 3382 817 3424 ma-

71 3458 166 3522 lorum
189 3479 289 3523 onere
311 3479 443 3538 presso:
467 3462 522 3539 qui
545 3479 585 3522 ex
607 3461 723 3522 merito
745 3479 852 3538 pro-so

71 3556 151 3628 priae
161 3559 298 3620 actionis
309 3560 426 3637 dignus
436 3577 508 3619 sum
520 3559 662 3619 aeternis
671 3559 816 3635 deputari

425 3665 451 3707 ss
