2152 4174
256 430 1001 540 Quam&

246 636 312 679 non
335 619 547 679 obliviscetur
568 636 747 696 pauperum
769 638 921 697 suorum,
951 622 1009 682 ad-

247 717 308 776 erit
330 717 515 792 orantibus,
543 717 751 778 auxiliabitur
779 717 938 778 maturius
967 736 1007 778 se

247 814 491 892 invocantibuS,
522 816 660 892 propitia
682 816 743 876 erit
765 816 917 876 omnibus
940 816 1006 876 sibi
1061 833 1062 850 ¹

247 912 477 974 servientibus.

224 1029 238 1079 5
287 1009 316 1071 O
349 1009 656 1072 misericordissime
689 1012 780 1087 lesu,
816 1010 921 1071 dulcis
958 1011 1006 1070 lili

247 1107 383 1184 Mariae,
398 1109 534 1169 iniunde
554 1109 646 1184 mihi,
661 1125 795 1185 quaeso,
812 1109 1005 1169 devotarum

245 1206 379 1282 gratiam
395 1206 601 1267 lacrimarum
623 1216 655 1266 et
670 1207 807 1266 vulnera
821 1223 877 1265 cor
891 1223 1005 1266 meum

248 1303 381 1364 intimae
403 1305 642 1380 compassionis
670 1303 807 1379 affectu,
836 1321 901 1380 quo
929 1303 1006 1380 piae
1061 1353 1062 1356 ,

247 1402 359 1462 matris
380 1412 454 1461 tuae
476 1401 631 1462 interiora
652 1401 779 1461 noscito
802 1400 905 1461 fuisse
928 1417 1008 1460 con-

213 1519 237 1562 to
247 1514 352 1557 cussa.
396 1498 527 1558 Intuere
555 1515 607 1558 me
636 1497 702 1558 illis
730 1497 859 1573 pietatis
887 1497 1008 1574 oculiS,

247 1597 366 1672 quibus
388 1605 523 1656 matrem
546 1605 578 1657 et
600 1596 796 1673 discipulum
828 1594 1006 1672 respexisti

248 1695 308 1754 sub
331 1711 427 1754 cruce
449 1703 573 1755 stantes
595 1704 627 1755 et
649 1695 782 1769 llentes,
806 1693 936 1770 quando
959 1695 1007 1753 al-

248 1802 349 1852 teram
380 1792 472 1852 alteri
504 1791 738 1852 commendasti
770 1791 919 1851 ultimum
952 1791 1006 1850 eis

248 1891 320 1950 vale
342 1889 532 1966 relinquens
547 1889 776 1949 huiuscemodi
794 1888 913 1949 affectu
935 1906 1009 1949 ser-

213 1987 371 2052 temonis:
395 1987 478 2047 Ecce
499 1986 586 2047 lilius
606 1997 693 2062 tuus,
714 2003 793 2046 ecce
814 1995 918 2046 mater
939 1996 1009 2046 tua.

248 2083 353 2144 Visita
375 2099 437 2159 me,
460 2085 613 2159 obsecro,
639 2083 672 2143 in
695 2083 828 2144 salutari
850 2092 905 2143 tuo
927 2093 1008 2143 ante

248 2191 386 2250 mortem
408 2198 514 2241 meam
537 2181 641 2241 etiae
670 2197 723 2240 me
752 2181 864 2241 audire
886 2197 1006 2241 vocem

249 2279 347 2356 illam,
369 2297 466 2356 quam
488 2278 611 2339 audivit
639 2279 753 2338 beatus
776 2279 940 2339 Iohannes
963 2279 1008 2338 de
1061 2305 1062 2310 ¹

249 2395 362 2438 cruce:
387 2378 470 2438 Ecce
487 2387 591 2438 mater
611 2388 676 2454 tua,
698 2387 733 2438 ut
754 2380 814 2438 hac
829 2393 911 2437 voce
933 2392 1009 2452 per-

212 2499 240 2542 20
250 2485 343 2552 cepta
357 2493 375 2535 a
389 2475 506 2535 timore
522 2475 681 2552 rugientis
697 2474 821 2536 inimici
840 2473 881 2533 sit
897 2472 1009 2532 anima

250 2590 323 2633 mea
343 2581 411 2633 tute
434 2572 579 2633 deiensa.

289 2669 318 2731 O
349 2669 605 2731 clementissima
633 2667 764 2728 domina
792 2683 865 2727 mea
893 2676 1008 2726 sancta

250 2767 370 2842 Maria,
401 2766 546 2827 omnium
572 2764 837 2827 Christianorum
868 2762 1007 2822 advoca-

249 2864 312 2924 trix
333 2863 541 2940 fidelissima,
569 2880 647 2940 rogo
675 2872 707 2922 te
729 2879 788 2939 per
811 2869 928 2921 cuncta
950 2877 1007 2920 ex-

212 2961 327 3022 asimia
357 2962 472 3023 merita
502 2971 572 3037 tua,
608 2960 727 3037 quibus
756 2960 827 3019 Deo
862 2957 1006 3018 maxime

249 3059 413 3136 placuisti,
435 3069 467 3120 et
488 3076 546 3136 per
567 3059 696 3135 singula
716 3055 926 3117 humanitatis
949 3055 1007 3115 ob·

249 3157 379 3234 sequia,
410 3174 492 3234 quae
522 3166 578 3216 tuo
610 3155 676 3215 lilio
704 3153 888 3232 gratissime
913 3153 1007 3214 exlri-

248 3254 358 3330 buisti,
373 3262 470 3330 atque
485 3270 544 3330 per
557 3252 730 3313 universas
745 3250 906 3325 lacrimas,
921 3267 1007 3326 quas

249 3351 282 3411 in
317 3351 471 3428 passione
506 3351 579 3410 eius
613 3349 817 3409 amarissime
848 3346 1008 3424 effudisti,

211 3458 410 3526 anquatenus
431 3448 496 3508 mei
519 3448 672 3525 pauperis
686 3444 836 3507 misereri
858 3444 1008 3521 digneris

249 3545 344 3606 solita
380 3546 499 3622 pietate
535 3563 645 3606 curam
681 3545 745 3605 mei
782 3543 1008 3604 maternalite'r

610 3651 648 3692 rua
