2152 4174
78 434 823 544 Qiffloafflffiffi

71 620 190 680 lectam
212 620 470 682 misericorditer
494 623 676 698 respexisti.
720 624 827 686 Cuius

69 719 194 779 doloris
228 718 484 795 magnitudinem
520 729 555 780 tu
586 721 678 782 solus
708 722 827 783 melius

69 832 228 891 noveras,
259 815 314 893 qui
346 817 454 877 cordis
483 817 555 877 eius
583 818 827 880 secretissimus

69 913 238 990 inspector
266 931 348 974 eras.
391 914 438 974 Tu
470 932 611 992 namque
642 915 687 976 nil
719 917 826 977 carius

69 1019 173 1070 matre
195 1009 322 1088 virgine
348 1012 490 1072 habuisti
513 1012 547 1072 in
575 1012 689 1088 terriS,
719 1023 750 1074 et
772 1013 849 1076 illas

69 1118 99 1168 te
117 1109 190 1168 Deo
206 1108 273 1169 filio
288 1126 349 1169 suo
364 1109 411 1169 nil
427 1109 539 1170 dilexit
555 1111 706 1186 ampliuS,
728 1127 825 1187 quem

68 1205 217 1280 proiecto
248 1223 288 1266 ex
317 1224 354 1267 se
375 1207 521 1284 genitum
544 1208 689 1269 omnium
716 1226 825 1270 rerum

69 1302 249 1364 Dominum
279 1314 311 1363 et
339 1322 435 1366 suum
465 1305 617 1382 cognovit
649 1315 825 1366 auctorem.

68 1401 224 1463 Cernens
253 1419 329 1479 ergo
361 1411 393 1462 te
425 1402 457 1462 in
489 1419 587 1464 cruce
616 1420 825 1479 suspensum,

67 1515 166 1575 quem
178 1499 319 1560 maxime
330 1499 492 1577 diligebat,
513 1501 617 1577 magis
632 1501 665 1560 in
681 1509 712 1560 te
728 1518 861 1577 quamn

68 1598 100 1657 in
134 1615 172 1658 se
203 1598 354 1658 manebat
385 1606 417 1658 et
447 1597 540 1673 quasi
571 1607 638 1658 tota
668 1607 758 1658 extra
788 1616 824 1660 se
876 1619 878 1626 ·

67 1698 186 1758 educta
217 1698 313 1758 etiam
346 1713 476 1758 sursum
513 1697 674 1772 pendebat
709 1697 824 1774 spiritu

67 1795 125 1854 tibi
148 1794 377 1870 concrucifixa,
399 1794 475 1884 licet
497 1810 634 1869 corpore
649 1796 754 1856 adhuc
777 1795 824 1856 in·
868 1855 873 1863 ,

68 1892 172 1952 lenius
194 1893 283 1953 iuxta
304 1908 435 1952 crucem
458 1891 633 1952 lacrimans
654 1900 764 1951 staret.

108 1989 219 2049 Laudo
242 1997 274 2049 et
287 1987 434 2065 glorifico
456 1999 488 2049 te
510 2005 568 2064 pro
583 1997 638 2048 tua
653 1987 824 2049 excessiva
835 2005 860 2048 15

66 2087 306 2164 compassione,
328 2103 391 2162 qua
406 2097 483 2146 tunc
499 2085 706 2145 tristissimae
728 2085 822 2145 matri

65 2195 139 2246 tuae
168 2184 310 2245 filialiter
335 2183 548 2258 condoluisti,
580 2200 663 2259 quae
685 2200 721 2243 re
745 2200 823 2243 vera

64 2299 181 2344 omnes
212 2282 342 2343 dolores
373 2293 447 2342 tuos
478 2298 557 2341 suos
593 2282 760 2357 reputabat
791 2291 823 2341 01

65 2380 194 2457 singula
228 2381 364 2440 vulnera
398 2390 453 2439 tua
488 2389 651 2455 tamquam
693 2379 823 2454 propria

64 2477 205 2538 deflebat
226 2495 264 2536 ac
285 2477 405 2537 totiens
427 2475 523 2536 novis
554 2477 755 2538 torsionibus
777 2476 859 2536 af-ao

66 2575 246 2652 lligebatur,
268 2575 420 2652 quotiens
443 2574 601 2636 maternis
623 2574 727 2633 oculis
749 2590 822 2634 san-

64 2673 197 2749 guinem
220 2673 261 2733 de
290 2683 346 2734 tuo
369 2689 506 2748 corpore
535 2671 637 2732 fluere
660 2672 822 2746 cernebat,

64 2781 117 2830 aut
139 2771 270 2847 quando
292 2787 407 2831 vocem
430 2779 518 2830 tuam
542 2770 582 2829 de
605 2786 702 2830 cruce
724 2769 763 2828 ad
785 2787 821 2829 se

64 2868 254 2945 loquentem
277 2866 438 2928 audiebat.

103 2967 215 3027 Laudo
238 2975 270 3026 et
291 2965 472 3027 honorifico
494 2975 526 3026 te
548 2982 606 3041 pro
635 2973 691 3024 tua
711 2963 858 3040 benig-25

65 3063 202 3124 nissima
233 3063 447 3140 allocutione,
478 3082 541 3140 qua
569 3063 699 3123 tandem
729 3061 820 3121 brevi

66 3162 163 3222 verbo
200 3160 362 3221 allocutus
397 3178 433 3221 es
465 3170 600 3222 matrem
632 3161 820 3234 desolatam,

66 3275 159 3333 quam
183 3257 382 3334 praedilecto
414 3257 575 3334 discipulo
604 3268 660 3318 tuo
684 3257 819 3317 Iohanni

66 3365 227 3432 tamquam
251 3355 442 3416 fidelissimo
472 3355 633 3431 provisori
656 3373 820 3417 commen·

67 3451 146 3513 dasti
182 3462 215 3513 et
250 3451 409 3528 virginem
446 3451 563 3528 virgini
600 3452 856 3515 indissolubiliao

67 3549 206 3610 caritatis
228 3549 359 3609 vinculo
379 3548 511 3609 sociasti
534 3549 664 3610 dicens:
688 3550 819 3626 Mulier,

427 3652 461 3697 151
