2194 4180
105 587 188 647 sacri
219 587 333 664 capitis
355 586 427 647 eius
451 587 615 648 uberrime
637 586 795 666 irrigastis
817 597 861 650 at·

105 702 169 762 que
198 684 342 746 cadendo
371 702 471 761 super
499 694 629 746 sanctos
656 686 758 762 pedes
789 685 861 747 eius

105 783 275 859 pulverem
298 792 403 843 terrae
425 783 646 844 humectastis.
681 782 710 844 O
734 783 761 843 si
784 793 861 844 tunc

103 890 178 957 post
192 881 329 958 vestigia
347 881 467 957 pedum
484 881 634 941 dominae
650 898 742 941 meae
758 889 861 942 trans·

104 978 205 1038 issem
228 987 260 1039 et
275 978 395 1039 calidas
410 979 560 1039 lacrimas
583 989 768 1040 sanctorum
785 997 883 1040 ocu-5

104 1076 209 1136 lorum
232 1076 304 1137 eius
326 1094 424 1138 manu
439 1093 512 1137 mea
533 1077 566 1136 in
584 1086 711 1138 secreto
727 1078 860 1138 vasculo

104 1173 310 1249 collegissem
346 1174 385 1234 ad
421 1174 593 1235 lavandum
634 1193 700 1235 non
736 1184 859 1237 tantum

104 1271 205 1347 pedes
227 1288 336 1346 meos,
362 1288 445 1347 quos
467 1271 599 1348 saepius
621 1272 779 1332 maculavi
802 1290 861 1350 per

104 1369 206 1428 malas
221 1367 433 1445 cogitationes
449 1377 481 1428 et
495 1368 686 1430 affectiones
707 1369 860 1430 indecen-

103 1474 164 1541 tes,
186 1465 244 1525 sed
266 1475 299 1526 et
320 1483 436 1527 manus
458 1475 491 1526 et
512 1477 617 1544 caput,
639 1466 671 1527 id
693 1477 743 1527 est
761 1467 895 1527 verbam

104 1572 136 1624 et
158 1581 256 1641 opera
278 1564 471 1639 malefacta,
492 1564 769 1625 inremissionem
792 1582 860 1625 om-

103 1661 194 1722 nium
217 1670 423 1738 peccatorum
453 1678 600 1721 meorum
630 1661 749 1722 cotidie
773 1679 859 1722 com·

104 1759 291 1820 missorum.

144 1857 174 1919 Ο
189 1857 243 1934 pia
257 1867 360 1918 mater
376 1858 449 1934 Dei,
470 1859 561 1935 virgo
577 1858 691 1934 Maria,
713 1859 760 1918 sis
778 1859 858 1919 mihi

102 1955 258 2033 propitia,
286 1956 358 2016 dele
388 1956 496 2016 omnia
517 1956 595 2016 vitia
623 1972 696 2015 mea
719 1974 777 2033 per
805 1967 860 2017 tua
871 1976 895 2017 15

103 2054 307 2116 amarissima
335 2055 476 2114 lamenta
504 2065 536 2115 et
560 2055 771 2116 devotissima
792 2056 859 2116 sul·

104 2151 213 2230 fragia.
246 2151 275 2213 O
298 2153 467 2213 carissima
480 2153 594 2229 illaria,
616 2171 771 2214 succurre
794 2154 860 2213 ani·

103 2267 176 2310 mae
198 2268 290 2310 meae
312 2251 345 2310 in
367 2251 481 2312 ultima
502 2252 582 2311 hora
603 2251 689 2312 vitae
713 2268 806 2311 meae
828 2260 860 2310 et

102 2349 179 2409 veni
202 2366 276 2409 cum
292 2349 480 2425 angelorum
497 2358 530 2410 et
544 2358 730 2410 sanctorum
752 2348 860 2409 multi-

102 2447 215 2508 tudine
237 2447 415 2508 defendere
437 2465 490 2508 me
517 2456 629 2508 contra
650 2446 774 2507 inimici
797 2455 896 2507 ter-ao

103 2562 195 2605 rores
217 2555 249 2605 et
270 2545 390 2607 inlerni
413 2546 552 2607 dolores.
583 2545 766 2605 Recordare
788 2560 860 2620 pre·

102 2642 177 2704 tiosi
207 2643 375 2720 sanguinis
404 2651 436 2703 et
464 2643 649 2703 innocentis
677 2642 792 2702 mortis
814 2641 859 2702 di·

102 2741 177 2803 lecti
208 2742 265 2802 lilii
293 2741 339 2803 tui
363 2742 438 2801 lesu
462 2741 586 2802 Christi
616 2758 675 2818 pro
704 2756 757 2799 me
786 2756 859 2815 pec-

102 2848 211 2899 catore
222 2840 309 2916 passi
325 2849 357 2900 et
368 2841 481 2901 lancea
496 2840 649 2916 perlorati
666 2848 698 2899 et
712 2837 858 2899 omnium

102 2936 308 2997 lacrimarum
336 2947 482 3012 tuarum,
511 2953 591 3012 quas
619 2936 653 2995 in
683 2936 771 2996 omni
793 2936 896 2995 vitaas

103 3043 157 3094 tua
180 3033 302 3109 fudisti,
324 3043 356 3094 et
378 3034 536 3094 miserere
551 3033 631 3093 mihi
654 3033 687 3094 in
703 3032 859 3093 extremis

102 3133 208 3209 agenti
239 3143 271 3191 et
299 3132 338 3192 ad
359 3141 391 3192 te
413 3130 607 3208 suspiranti,
636 3131 712 3208 quia
738 3131 772 3190 in
794 3129 859 3190 tuis

102 3229 228 3289 meritis
259 3240 291 3290 et
322 3239 508 3290 sanctorum
537 3230 689 3306 precibus
718 3229 859 3289 maxime

102 3325 247 3403 conlido,
269 3346 288 3388 o
311 3327 474 3403 clemens,
496 3345 515 3387 o
536 3327 605 3403 pia,
627 3344 646 3386 o
668 3326 859 3387 dulcissima

102 3433 205 3484 mater
227 3426 300 3499 Dei,
323 3426 414 3502 virgo
437 3425 551 3484 Maria.
594 3423 710 3485 nmen.
867 3431 895 3471 ³⁰

460 3625 498 3667 271
