2118 4180
87 429 395 538 Qffffis
416 484 495 536 aas.
515 426 832 538 Q&

80 616 216 676 maxime
245 615 424 675 matutinali
454 626 601 692 tempore
632 617 671 677 ad
703 627 833 677 sanctae

79 714 232 773 orationis
261 713 423 773 fervorem
456 729 509 774 me
538 713 674 789 excitet,
702 730 832 774 omnem

77 821 238 886 torporem
262 812 406 887 repellat,
428 811 567 871 alacrem
590 820 686 887 atque
701 811 831 887 vigilem

77 909 109 968 in
125 908 219 968 laude
233 918 289 968 tua
303 924 515 985 perseverare
536 908 641 983 iaciat,
663 918 698 968 ut
718 909 832 968 saltem

76 1005 195 1082 aliquid
211 1006 331 1066 laboris
347 1016 422 1066 tuae
441 1007 596 1067 redonem
615 1007 755 1082 caritati,
777 1007 856 1083 quis

75 1121 132 1180 pro
148 1121 200 1163 me
216 1113 376 1163 nocturno
391 1114 538 1180 tempore
553 1115 659 1179 natus,
674 1114 833 1163 nocturno

74 1210 220 1277 tempore
233 1201 380 1276 traditus,
396 1211 509 1278 captus
525 1211 557 1261 et
573 1201 706 1262 funibus
717 1201 833 1277 ligatus

75 1298 173 1358 fuisti.
219 1299 281 1358 Ero
310 1316 387 1375 ergo
416 1316 543 1359 memor
568 1309 663 1359 nocte
690 1297 833 1357 nominis

1 1441 2 1450 ,
74 1395 136 1470 tui,
166 1395 325 1469 Domine,
353 1395 538 1470 pensando,
569 1405 688 1471 quanta
716 1412 833 1471 passus

73 1492 120 1551 sis
141 1509 200 1568 pro
223 1510 276 1553 me
298 1491 459 1551 vilissimo
481 1502 662 1568 peccatore.
844 1505 869 1546 m

114 1589 204 1648 Dura
218 1589 349 1649 vincula
363 1600 418 1650 tua
432 1591 612 1651 libertatem
624 1608 735 1651 veram
751 1590 830 1650 mihi

72 1687 264 1762 praebeant,
293 1688 333 1746 ab
361 1687 467 1747 inutili
497 1688 686 1764 evagatione
708 1705 761 1748 me
784 1705 832 1748 re·

72 1784 231 1862 stringant
262 1794 294 1844 et
325 1785 358 1844 in
390 1786 525 1845 servitio
556 1796 612 1846 tuo
648 1787 708 1846 sub
740 1785 831 1846 iirma

70 1882 244 1959 disciplina
266 1894 471 1943 conservent.
508 1884 582 1944 Non
605 1883 647 1943 sit
669 1883 749 1943 mihi
772 1883 831 1942 dif-

1 2039 2 2044 ,
70 1980 156 2039 ticile
179 1997 232 2040 me
261 1980 368 2056 ipsum
397 1980 545 2056 frangere
575 1991 606 2040 et
635 1980 830 2057 relinquere,
843 1994 868 2036 15

69 2078 127 2138 sed
144 2076 285 2138 libenter
302 2077 391 2137 iussa
406 2078 565 2137 maiorum
582 2095 640 2154 per
657 2078 830 2138 oboedien-

68 2176 132 2235 tiae
164 2175 327 2234 tramitem
359 2191 479 2250 sequar
508 2191 569 2234 nec
600 2191 716 2234 verear
746 2175 830 2250 duci,

68 2291 133 2351 quo
157 2289 224 2332 non
246 2274 331 2347 volo,
354 2272 529 2332 dummodo
551 2271 607 2331 tibi
629 2281 755 2348 gratum
779 2272 830 2346 sit,

67 2371 156 2446 quod
193 2370 332 2430 iubetur.
389 2370 575 2446 Numquam
615 2369 747 2428 rebellis
782 2369 829 2428 in-

1 2523 2 2526 ,
66 2468 200 2543 veniat,
222 2485 400 2544 numquam
422 2468 601 2544 litigiosus,
628 2484 693 2526 non
716 2467 866 2543 audax‚ao

65 2582 133 2626 non
167 2567 389 2640 clamorosus‚
424 2565 483 2624 sed
514 2565 607 2641 pius,
642 2565 828 2640 tractabilis,

1 2662 827 2738 mmmmmmmmm

1 2785 3 2798 ν
66 2761 220 2821 mandata
252 2770 306 2820 tua
339 2769 370 2820 et
402 2777 475 2820 cum
507 2759 622 2819 humili
655 2759 829 2819 devotione

65 2868 200 2918 sanctae
216 2857 376 2918 ecclesiae
397 2857 478 2917 ritus
493 2858 665 2917 observem
682 2868 714 2917 et
729 2857 829 2916 caeri-

1 2959 2 2962 ’
65 2954 206 3015 monias.
240 2954 364 3014 inclina
385 2955 547 3015 cervicem
570 2972 675 3014 meam
698 2955 759 3015 sub
781 2954 865 3014 in-25

1 3077 2 3086 ¹
65 3052 191 3113 stitutis
214 3052 417 3128 regularibus
439 3061 471 3111 et
495 3068 611 3111 manus
631 3069 720 3112 meas
743 3052 828 3111 labo·

1 3203 2 3228 p
66 3149 159 3209 ribus
187 3149 319 3209 innecte
348 3149 479 3209 sanctis.
529 3149 645 3226 Vagari
675 3160 707 3209 et
735 3149 827 3209 otiari

1 3283 2 3288 κ
66 3248 245 3308 absurdum
269 3264 400 3323 semper
422 3246 480 3323 sit;
504 3247 616 3306 vivere
639 3245 699 3306 sub
722 3247 827 3323 rigore

66 3353 97 3402 et
117 3345 292 3419 passiones
311 3344 458 3421 proprias
475 3343 608 3404 vincere
631 3361 759 3404 summe
775 3345 827 3404 de-

67 3439 333 3502 siderabile'mihi
345 3441 426 3502 duro
441 3449 473 3501 et
484 3441 641 3501 indomito
657 3441 827 3517 efficiatur,
837 3462 864 3503 so

68 3546 100 3594 et
136 3547 209 3600 tuae
245 3539 453 3615 captivationi
488 3549 520 3599 et
550 3538 761 3600 vinculationi
794 3539 827 3598 in

434 3643 461 3683 oi
689 3641 719 3683 ⁵·
