2152 4174
533 498 545 513 ι,
586 482 635 521 μ’..

82 463 393 572 w
407 518 424 570 Ι)
435 519 456 570 2,
466 519 501 560 23·
523 510 627 566 '0032'32
708 518 714 529 ¹

75 649 235 724 comperi,
257 650 344 726 quod
366 649 507 710 instante
530 651 594 710 iine
618 652 726 712 omnia
749 652 832 713 fore-

76 745 159 806 facta
189 765 249 807 sua
279 747 394 807 humili
429 748 639 809 consessione
674 749 831 826 purgavit.

76 843 176 919 Igitur
197 844 357 905 maximae
380 845 625 906 misericordiae
648 845 723 921 fuit,
745 848 831 923 quod

73 950 138 1000 tam
162 941 368 1003 facinorosus
389 953 453 1004 tam
470 944 534 1004 cito
550 944 678 1004 veniam
695 945 831 1021 adeptus

74 1049 141 1113 est,
172 1056 268 1115 quam
301 1041 365 1100 cito
395 1041 575 1101 orationem
604 1058 696 1102 suam
729 1042 768 1101 ad
798 1051 854 1101 tes

74 1137 213 1213 supplici
236 1137 355 1199 affectu
378 1138 502 1200 effudit.
542 1139 693 1215 Domine,
716 1139 831 1216 inquit,

74 1245 239 1296 memento
262 1237 344 1312 mei,
375 1255 449 1297 cum
479 1237 612 1298 veneris
638 1237 671 1296 in
694 1254 829 1314 regnum

73 1342 175 1395 tuum.
229 1334 267 1394 Et
301 1343 335 1394 tu
368 1335 556 1396 misericors
592 1346 624 1396 et
660 1335 832 1395 miserator

74 1433 233 1508 Domine,
262 1449 337 1492 mox
366 1432 405 1492 de
435 1450 532 1493 cruce
562 1432 721 1493 exaudisti
744 1450 830 1493 com·

73 1539 229 1606 punctum
258 1531 356 1591 corde
385 1532 559 1591 consolans
588 1531 728 1591 animam
754 1544 866 1593 con-¹0

74 1627 195 1688 fitentis
231 1629 291 1687 hac
326 1628 562 1704 benignissima
597 1629 828 1705 responsione:

72 1724 180 1784 Amen
209 1724 281 1784 dico
310 1725 385 1799 tibi,
413 1726 510 1786 hodie
540 1743 668 1786 mecum
698 1728 764 1787 eris
795 1728 828 1788 in

73 1822 233 1897 paradiso.

113 1920 142 1982 Ο
166 1938 262 1998 quam
285 1920 522 1981 consolativum
550 1922 629 1982 mihi
653 1933 703 1984 est
725 1935 757 1985 et
779 1942 827 1984 sa·

72 2020 165 2079 lubre
207 2017 305 2078 huius
347 2018 483 2078 latronis
516 2019 637 2080 exitum
670 2032 701 2082 et
736 2031 826 2082 tuum
840 2037 864 2078 rs

72 2116 299 2176 dulcissimum
316 2131 510 2190 responsum
534 2116 658 2178 intenta
680 2119 827 2179 conside·

71 2215 197 2274 ratione
219 2230 368 2289 pensare,
390 2231 456 2273 non
479 2223 513 2273 ut
528 2216 679 2277 securius
693 2234 826 2294 peccem

71 2320 125 2372 aut
154 2310 416 2371 emendationem
446 2328 552 2372 meam
582 2312 710 2389 longius
736 2313 828 2374 diffe-

71 2426 150 2485 ram,
173 2408 232 2468 sed
247 2425 289 2467 ne
305 2407 411 2468 subita
428 2408 615 2470 infirmitate
630 2421 828 2486 praeventus

72 2507 256 2582 desperem,
278 2523 352 2565 cum
374 2515 439 2564 tam
456 2507 632 2568 scelestum
654 2508 761 2568 virum
785 2508 864 2568 itaao

71 2613 206 2681 repente
236 2603 362 2663 audiam
393 2604 426 2663 in
455 2605 574 2665 melius
603 2614 760 2665 mutatum
791 2623 826 2664 ac

70 2712 123 2762 tua
153 2701 330 2761 miserante
359 2702 461 2779 gratia
490 2713 647 2779 perpetuo
670 2721 744 2763 esse
766 2705 828 2763 sal-

70 2811 180 2862 vatum
196 2800 412 2876 paradisoque
426 2799 621 2860 restitutum.
642 2799 828 2861 Tribuiarer

70 2899 233 2976 siquidem
255 2898 349 2957 valde
372 2906 504 2973 propter
525 2908 657 2974 peccata
672 2915 744 2957 mea
758 2899 827 2975 piu·

69 2996 170 3072 rima,
207 2996 235 3056 si
271 2994 434 3054 nescirem
467 2994 709 3056 misericordias
744 3005 863 3071 tuasne

70 3093 230 3168 Domine,
259 3092 286 3152 si
317 3091 465 3168 exempla
493 3092 728 3168 paenitentium
755 3103 826 3153 ate

68 3188 305 3266 benignissime
335 3200 540 3266 receptorum
562 3207 628 3251 non
650 3192 826 3252 audissem.

68 3287 114 3348 Tu
148 3287 236 3348 enim
269 3287 377 3348 dixisti
410 3304 468 3362 per
498 3290 708 3364 prophetam:
741 3289 825 3348 Nolo

67 3392 207 3444 mortem
238 3384 435 3460 peccatoris,
467 3386 525 3445 sed
555 3396 590 3446 ut
618 3386 721 3464 magis
750 3403 826 3446 con-

67 3492 214 3544 vertatur
242 3491 274 3542 et
302 3483 398 3543 vivat.
456 3483 493 3542 Et
521 3484 598 3544 item
631 3502 689 3561 per
725 3494 862 3547 temetao

67 3579 193 3656 ipsum:
227 3579 281 3640 Sic
314 3580 404 3641 Deus
436 3581 547 3642 dilexit
578 3583 755 3658 mundum,
791 3591 825 3642 ut

432 3686 470 3726 ns
