2142 4172
363 466 560 558 Nxbite
578 455 998 571 ΝΛΜ

249 655 388 722 coctum,
410 663 493 724 quae
514 646 679 722 pertinent
700 649 740 709 ad
759 650 911 726 gulosos,
939 668 1005 712 non

249 742 289 803 ad
311 743 482 821 religiosos
513 753 545 805 et
575 745 712 806 devotos
744 747 860 808 iratres
891 757 923 809 et
954 766 1005 809 so·

249 859 358 919 rores3
379 843 439 904 sed
452 843 590 920 gaudete
605 843 746 920 simplici
762 845 845 921 cibo,
866 863 951 921 pane
973 857 1005 906 et

248 939 339 1015 pisce
354 939 455 1016 gratia
471 940 533 1000 Dei
549 940 643 1001 vobis
658 939 711 1016 pie
728 943 906 1003 concessis.
938 943 1003 1004 Sed

226 1037 333 1098 sforte
361 1039 442 1098 haec
470 1055 537 1098 non
559 1038 729 1099 sufiiciunt
750 1038 844 1099 vobis
872 1047 1005 1116 propter

249 1135 396 1211 hospites
418 1135 631 1196 adventantes
653 1145 685 1195 et
704 1153 865 1212 pauperes
880 1135 1004 1196 mendi-

249 1242 371 1308 cantes,
402 1250 485 1311 quos
507 1249 664 1308 spernere
686 1250 752 1294 non
774 1231 918 1307 debetiS,
946 1232 1004 1292 sed

250 1330 361 1390 fovere
384 1339 416 1390 et
437 1330 598 1391 consolari
621 1348 809 1407 proposse.
839 1329 916 1392 ldeo
932 1330 1004 1391 dico

248 1427 352 1503 vobis,
373 1444 416 1487 ne
438 1427 665 1504 pusillanimes
687 1428 770 1505 sitis,
799 1428 929 1505 quando
952 1446 1005 1505 pa·

215 1548 239 1588 ro
249 1541 321 1584 rum
343 1525 480 1601 habetis,
509 1524 568 1585 sed
590 1525 623 1586 in
646 1543 698 1586 me
727 1526 931 1587 confidentes
959 1526 1005 1587 ai·

250 1622 332 1682 ferte
354 1622 394 1682 de
416 1621 571 1699 piscibus,
593 1639 676 1701 quos
691 1622 902 1699 prendidistis
917 1640 1005 1684 nunc

250 1718 282 1778 in
305 1736 420 1796 magna
442 1720 536 1796 copia
557 1730 590 1782 et
611 1720 718 1781 cordis
740 1721 871 1782 laetitia.

291 1817 362 1877 Hoc
384 1816 493 1878 audito
515 1817 623 1878 statim
645 1817 793 1879 ascendit
808 1818 922 1879 Simon
946 1820 1006 1880 Pe·

249 1921 319 1973 trus
340 1915 379 1974 ad
395 1915 634 1975 oboediendum
657 1914 774 1975 alacris
789 1925 821 1976 et
835 1925 1007 1992 promptus

214 2030 239 2070 rs
249 2021 281 2071 et
302 2012 398 2072 traxit
420 2022 490 2073 rete
511 2012 699 2073 iuvantibus
721 2012 822 2073 sociis
836 2013 869 2073 in
885 2023 1006 2074 terram

249 2109 381 2184 plenum
414 2108 541 2185 magnis
572 2109 718 2185 piscibus
750 2119 881 2170 centum
912 2111 1007 2187 quin-

249 2206 401 2283 quaginta
422 2207 536 2267 tribus.
580 2207 619 2266 Et
649 2206 755 2267 mirati
785 2217 860 2268 sunt
889 2225 1007 2269 omnes
1056 2215 1057 2224 ’

248 2303 367 2380 gratias
398 2314 532 2382 agentes
555 2306 625 2364 Deo
649 2303 736 2365 Patri
759 2314 791 2365 et
819 2305 894 2381 tibi,
924 2305 1006 2366 Filio

249 2401 321 2461 eius
344 2402 418 2462 Iesu
442 2401 587 2477 Christo,
610 2418 707 2478 quem
730 2411 936 2477 praesentem
959 2404 1007 2463 vi·

212 2499 366 2559 auderunt
387 2508 420 2559 et
442 2516 502 2576 per
523 2498 680 2576 Spiritum
710 2508 858 2560 sanctum
887 2516 1007 2578 cogno·

248 2607 375 2657 verunt.
427 2598 466 2657 Et
496 2596 570 2657 ideo
600 2613 698 2656 nemo
734 2597 871 2657 audebat
906 2597 1007 2658 inter·

249 2711 362 2772 rogare
384 2706 471 2757 ate:
501 2695 549 2756 Tu
571 2695 646 2773 quis
668 2712 721 2770 es,
750 2695 805 2772 qui
831 2696 1004 2757 nobiscum

248 2792 302 2852 hic
324 2803 392 2854 stas
413 2803 445 2854 et
467 2793 613 2871 loqueris
641 2802 673 2853 et
702 2793 874 2853 comedis?
915 2793 1006 2854 Scie-

247 2890 324 2951 bant
345 2892 433 2952 enim
455 2908 571 2952 omnes
593 2890 769 2966 veraciter,
800 2890 876 2967 quia
904 2900 939 2951 tu
968 2909 1006 2952 es

212 2989 411 3051 asDominus
433 2998 545 3050 noster
567 2989 661 3050 Iesus
683 2987 848 3064 Christus,
876 2989 932 3065 qui
955 3006 1006 3049 re·

248 3087 418 3148 surrexisti
442 3088 482 3148 de
504 3087 679 3163 sepulchro
708 3086 819 3147 clauso
847 3085 944 3147 vivus
973 3099 1006 3147 et

248 3185 441 3246 immortalis
463 3195 496 3246 et
516 3183 732 3246 manifestasti
754 3194 787 3243 te
808 3183 913 3244 nobis,

290 3284 398 3343 Laudo
427 3292 459 3342 et
481 3281 638 3360 regratior
659 3280 734 3356 tibi,
763 3282 904 3342 Domine
928 3282 1004 3342 lesu

249 3380 393 3455 Christe,
404 3379 550 3440 omniurn
561 3379 752 3440 devotorum
762 3378 879 3438 dilecte
888 3379 1005 3455 amice,

211 3478 354 3542 eodulcis
364 3479 486 3554 hospes
496 3478 624 3538 animae
635 3475 759 3552 hilaris,
769 3476 908 3537 conviva
918 3477 1006 3538 inter

249 3577 366 3637 fratres
396 3584 428 3635 et
458 3575 581 3636 amicos
611 3583 703 3649 tuos,
733 3590 791 3650 pro
822 3583 886 3634 tam
916 3575 1004 3635 bono

604 3677 646 3721 sao
