2142 4172
112 474 167 497 ’
188 472 383 566 {absi}
399 521 429 574 11,
441 522 460 572 r,
472 462 821 576 tow

74 653 198 730 piscem
220 671 331 714 assum
346 671 447 730 super
460 670 582 730 prunas
596 653 758 715 ardentes
794 652 828 714 Si

73 750 149 827 quis
159 760 304 812 vestrum
320 750 443 827 indiget
459 749 682 827 calefactione,
698 750 829 811 accedat

73 848 113 907 ad
144 847 252 925 ignem
284 857 316 909 et
347 846 514 908 calefaciat
549 864 596 907 se.
639 847 673 909 Si
703 856 828 908 vestem

72 945 247 1006 maculavit
275 954 330 1006 aut
359 945 493 1021 caligam
522 945 715 1022 umectavit‚
744 946 829 1006 lavet

72 1043 138 1103 cito
168 1052 201 1104 et
231 1044 375 1119 detergat
411 1042 450 1101 ad
485 1058 607 1117 prunas
638 1058 712 1102 meo
747 1051 851 1106 nutus

71 1148 209 1215 paratas.
239 1139 337 1200 Scitis
359 1139 454 1214 bene,
476 1139 554 1215 quid
578 1138 712 1201 fecerim
734 1140 829 1201 vobis

71 1236 150 1296 olim
173 1236 206 1297 in
228 1254 310 1297 cena
337 1245 412 1298 ante
441 1236 627 1313 passionem
656 1255 762 1298 meam
785 1238 828 1298 la-

70 1335 178 1395 vando
189 1335 290 1410 pedes
298 1344 427 1394 vestros
437 1342 470 1394 et
483 1335 640 1410 tergendo
656 1344 688 1396 et
698 1336 827 1412 qualem

70 1449 259 1493 sermonem
289 1431 352 1492 feci
380 1433 420 1492 ad
442 1431 659 1493 bumilitatem
688 1442 720 1494 et
748 1433 828 1494 oeri-

69 1539 170 1591 tatem
199 1529 341 1590 invicem
363 1529 557 1590 servandam
581 1531 731 1606 exemplo
753 1547 827 1614 meo
838 1547 864 1588 ro

69 1627 127 1687 diu
156 1645 216 1688 vos
238 1626 449 1690 exhortando.
492 1628 530 1687 Et
559 1643 646 1687 nunc
674 1636 748 1702 post
779 1643 828 1686 re·

69 1724 310 1786 surrectionem
342 1741 447 1785 meam
484 1741 623 1800 appareo
658 1725 752 1785 vobis
788 1725 827 1784 ad

69 1823 134 1884 ista
155 1823 308 1883 similiter
328 1822 534 1897 adimplenda
558 1822 746 1899 diligentius
774 1824 827 1883 ad·

68 1921 235 1981 monendo
257 1930 290 1980 et
310 1920 480 1981 vobiscum
502 1921 700 1996 prandendo.

113 2019 180 2095 Ego
203 2018 284 2078 cibis
298 2035 364 2078 non
380 2017 510 2094 indigeo
532 2018 571 2078 ad
587 2017 827 2094 necessitatem,
838 2037 864 2078 rs

69 2116 129 2176 sed
145 2114 185 2176 ad
195 2115 430 2177 ostendendam
442 2115 536 2175 vobis
545 2115 707 2192 gloriosae
719 2115 827 2175 caruis

69 2230 164 2273 meae
195 2213 365 2273 veritatem
397 2211 491 2272 vobis
526 2229 613 2272 nunc
644 2212 760 2288 loquor
795 2221 828 2272 et

67 2312 142 2372 edo.
185 2311 347 2371 Prandete
368 2310 467 2387 igitur
488 2327 617 2370 mecum
640 2309 674 2370 in
694 2308 826 2369 caritate

67 2409 180 2469 sobrie
202 2417 234 2468 et
255 2406 403 2468 modeste
425 2424 499 2467 cum
522 2407 653 2467 silentio
681 2424 700 2466 a
728 2406 827 2466 rebus

67 2509 164 2569 vanis
185 2504 395 2580 abstinendo,
417 2505 502 2565 sicut
524 2504 619 2564 docui
642 2519 716 2579 voS,
738 2512 771 2562 et
791 2503 862 2562 inao

67 2623 122 2666 me
145 2605 273 2666 vidistis
295 2613 327 2664 et
350 2604 540 2680 frequenter
560 2602 707 2663 audistis.
740 2601 826 2678 Quia

66 2719 247 2780 numquam
279 2701 397 2778 protuli
427 2702 564 2761 verbum
593 2701 666 2760 leve
698 2716 738 2759 ex
768 2716 825 2760 ore

66 2817 154 2875 meo,
176 2801 234 2860 sed
257 2816 388 2876 semper
409 2799 495 2876 quod
513 2798 599 2859 Patri
616 2814 689 2858 meo
705 2797 825 2874 placuit

65 2906 101 2958 et
123 2896 196 2957 aliis
217 2897 425 2957 audientibus
454 2895 533 2957 utile
560 2905 592 2956 et
621 2895 824 2957 fructuosum

66 2995 139 3054 fuit.
182 2994 297 3056 Testes
319 2995 435 3054 borum
458 3002 535 3053 sunt
554 3003 693 3070 quatuor
714 3003 861 3054 sanctazs

65 3093 237 3168 evangelia
258 3108 318 3168 per
332 3091 489 3151 mundum
512 3109 634 3168 sparsa,
656 3091 824 3168 inquibus

64 3189 200 3267 penitus
221 3190 266 3249 nil
289 3207 420 3266 vanum,
442 3191 487 3251 nil
510 3191 669 3252 indecens
697 3190 824 3250 inveni·

63 3299 129 3349 tur.
172 3286 251 3348 Sitis
281 3304 368 3347 nunc
400 3287 544 3347 contenti
576 3286 708 3363 paucis,
739 3303 822 3363 quae

64 3383 196 3459 videtis,
218 3393 250 3444 et
271 3384 381 3460 paravi
401 3385 494 3444 vobis
517 3385 629 3461 pueris
650 3383 745 3460 meis,
767 3384 822 3460 qui

64 3481 209 3543 dixistis:
226 3481 483 3542 Pulmentarium
499 3498 565 3542 non
580 3482 750 3557 babemus,
765 3481 822 3542 sed
832 3502 860 3544 ao

63 3596 128 3641 nec
149 3596 243 3640 avem
265 3595 371 3638 assam
394 3594 456 3638 nec
478 3578 602 3654 pullum
624 3579 822 3640 aromatibus

424 3683 466 3724 aro
