2194 4180
106 590 178 666 ipsa
201 592 350 650 hortante
373 607 488 667 aquam
511 589 701 650 convertisti
725 589 757 649 in
780 589 861 665 opti-

105 705 196 748 mum
218 687 348 763 vinum,
376 705 464 747 nunc
485 696 517 747 te
539 695 725 747 revertente
753 687 792 747 ab
814 687 861 747 in-

107 785 187 846 feris
209 796 241 846 et
262 785 412 846 hostibus
427 784 566 845 devictis
581 784 695 844 maiori
718 783 861 860 potentia

106 893 138 944 et
169 867 340 944 miraculo⁴
357 882 489 943 mutasti
521 891 660 943 mortem
689 881 722 941 in
751 881 861 957 vitam,

105 999 238 1043 crucem
260 981 462 1058 ingloriam,
486 989 669 1040 maternum
692 978 803 1039 fletum
827 979 884 1040 ins

105 1080 243 1140 iubilum
271 1089 303 1140 et
331 1079 568 1155 discipulorum
591 1086 714 1138 metum
737 1076 770 1136 in
785 1093 861 1153 gau·

105 1177 195 1238 dium
218 1176 465 1253 sempiternum.

147 1275 221 1335 Non
233 1274 351 1334 misisti
363 1275 526 1351 angelum,
541 1291 607 1333 non
618 1272 860 1350 archangelum,

104 1389 171 1432 non
203 1372 421 1446 michaelem,
456 1389 522 1432 non
551 1370 759 1445 Gabrielem,
794 1388 859 1431 non

105 1471 315 1546 Raphaelem,
337 1469 516 1529 sollemnes
537 1468 671 1529 nuntios
692 1477 777 1543 tuos,
798 1484 859 1527 nec
873 1481 897 1522 10

104 1567 233 1644 aliquos
255 1566 377 1627 saeculi
400 1565 522 1626 milites
549 1564 694 1640 nobiles,
723 1565 860 1624 decoros

105 1665 220 1742 forma,
242 1665 379 1726 amictos
401 1681 480 1724 auro
503 1671 535 1723 et
556 1671 690 1740 argento
712 1677 749 1720 ac
772 1676 860 1736 gem-

104 1762 169 1822 mis
180 1761 333 1838 pretiosis
348 1763 387 1823 ad
399 1762 598 1822 visitandum
610 1769 745 1821 matrem
761 1767 860 1833 tuam,

104 1859 186 1920 caeli
198 1859 353 1937 reginam,
363 1859 514 1919 dilectam
526 1858 689 1918 dominam
705 1865 860 1930 nostram,

102 1957 163 2016 sed
193 1966 227 2016 tu
259 1956 330 2031 ipse
361 1974 419 2017 rex
446 1957 587 2033 gloriae,
617 1955 692 2015 lesu
715 1953 897 2028 Christum

104 2051 225 2113 venisti
256 2052 472 2130 personaliter
506 2069 602 2113 mane
633 2059 707 2111 ante
743 2051 860 2124 lucem,

103 2151 237 2211 nemine
258 2151 392 2212 homine
407 2151 513 2212 adhuc
528 2151 653 2210 sciente
669 2165 730 2209 nec
745 2146 860 2207 nuntio

103 2259 336 2325 praecurrente
357 2248 396 2308 ad
416 2247 614 2308 visitandum
636 2256 669 2308 et
690 2246 860 2306 consolan-

103 2346 181 2405 dum
203 2345 425 2406 beatissimam
448 2355 584 2406 matrem
606 2354 694 2406 tuam
722 2343 858 2405 orationi

102 2442 279 2504 instantem
302 2453 334 2504 et
355 2444 452 2520 plena
473 2443 536 2504 lide
559 2442 698 2502 reditum
727 2450 819 2501 tuum
842 2457 897 2502 aaa

103 2549 317 2600 monumento
340 2559 414 2602 cum
436 2541 580 2617 glorioso
611 2556 747 2616 corpore
770 2554 860 2614 prae-

102 2638 287 2698 stolantem.
330 2637 460 2699 Sciebat
482 2638 587 2714 enim,
616 2637 769 2714 quoniam
792 2652 859 2696 om·

102 2736 157 2795 nia
178 2735 222 2795 ita
243 2735 371 2812 impleri
394 2736 581 2812 oportebat,
609 2735 694 2794 sicut
723 2750 780 2793 ore
802 2741 858 2792 tuo

101 2833 195 2909 prius
210 2833 330 2909 dixisti,
345 2842 377 2893 et
392 2833 488 2909 longo
503 2841 650 2908 tempore
665 2841 739 2891 ante
755 2829 857 2891 sancti

102 2932 280 3007 prophetae
308 2931 349 2991 de
377 2940 433 2990 tua
460 2930 613 3006 passione
639 2939 671 2990 et
693 2945 895 2992 resume-25

101 3029 190 3089 tione
222 3037 299 3089 sunt
328 3027 438 3088 locuti.
481 3028 567 3088 Vere
596 3030 676 3088 haec
706 3037 756 3087 est
786 3026 857 3088 dies

101 3127 254 3203 laetitiae,
275 3143 371 3203 quam
395 3125 502 3186 iecisti
524 3126 633 3200 hodie,
661 3123 858 3201 praeclarior

102 3232 134 3284 et
165 3223 345 3299 celebrior,
382 3223 525 3284 sanctior
561 3231 592 3282 et
630 3224 745 3284 laetior
780 3238 858 3298 prae

102 3322 230 3383 cunctis
258 3322 374 3382 diebus
401 3321 478 3382 anni
507 3321 540 3381 in
569 3337 707 3381 numero
729 3328 856 3379 sancto-

5 3487 7 3510 Ι
101 3438 173 3481 rum
203 3420 329 3481 dierum
360 3430 449 3481 recte
480 3419 738 3497 dignissimeque
769 3434 893 3480 com-ao

101 3519 252 3594 putanda.

461 3622 502 3664 255
