2142 4172
233 447 986 563 &Quom

270 638 476 715 Quapropter
496 657 584 700 nunc
607 640 701 701 llexis
714 641 852 717 genibus
873 642 986 718 adoro,

230 737 377 797 collaudo
400 747 431 798 et
453 755 552 799 exoro
574 739 765 816 suppliciter
792 749 841 815 te,
871 741 984 801 Domi·

229 851 306 893 num
339 853 465 912 meum,
495 854 606 914 regem
637 837 775 914 gloriae,
803 839 983 899 osculando

228 931 402 1009 imaginem
425 944 555 995 sanctae
578 935 702 1012 crucis,
734 934 883 996 iaciendo
911 954 983 997 cru·

205 1046 300 1089 seem
317 1042 549 1108 superterram
565 1034 618 1094 vel
634 1050 779 1094 asserem
801 1033 981 1110 insignum

228 1128 348 1189 amoris
370 1129 416 1189 tui
439 1138 471 1189 et
491 1149 550 1207 pro
573 1130 694 1192 solacio
723 1131 831 1192 cordis
859 1132 924 1192 mei
947 1133 981 1192 in

227 1226 390 1300 praesenti
413 1227 521 1288 exilio.
565 1228 784 1306 Congratulor
812 1229 900 1290 enim
923 1229 980 1289 tibi

227 1322 260 1382 in
283 1324 434 1384 omnibus
456 1334 488 1385 et
508 1343 567 1402 pro
592 1326 744 1388 omnibus
772 1327 894 1388 sanctis
915 1327 982 1388 tuis

227 1420 267 1481 de
299 1422 439 1483 maxima
468 1424 590 1484 laetitia
620 1433 652 1484 et
682 1425 901 1486 sollemnitate
923 1427 981 1485 ho·

192 1518 356 1596 rodiema,
387 1521 492 1597 qualis
522 1539 588 1582 non
620 1531 670 1582 est
700 1523 791 1599 prius
819 1523 890 1583 visa
918 1539 980 1582 nec

227 1617 335 1678 audita
365 1620 404 1678 ab
432 1620 540 1697 aliquo
572 1621 606 1680 in
637 1622 727 1682 caelo
759 1630 791 1680 et
821 1620 854 1680 in
883 1629 981 1696 terra,

226 1716 302 1792 quia
323 1716 387 1777 iam
410 1718 535 1778 elevata
563 1727 613 1778 est
634 1720 777 1779 humana
804 1728 920 1779 natura
945 1719 980 1778 in

227 1814 332 1874 Patris
343 1815 475 1876 dextera
484 1817 653 1877 maiestate
663 1826 829 1894 perpetua.
861 1816 980 1876 Amen.

427 2009 698 2086 [cnrrrvnvrr
722 2011 774 2088 ιι]

191 2152 216 2195 1⁵
278 2145 324 2203 De
344 2145 549 2220 apparitione
569 2147 755 2222 angelorum
778 2147 811 2207 ἰη
833 2148 917 2208 albis

529 2245 676 2305 vestibus.

225 2335 472 2556 &medico
488 2406 520 2456 et
535 2397 630 2456 laudo
643 2405 685 2473 te,
701 2397 891 2458 dulcissime
903 2399 981 2458 lesu

356 2492 500 2568 Christe,
522 2504 554 2554 er
574 2495 693 2571 gratias
714 2495 822 2556 refero
844 2495 902 2556 tibi
925 2496 982 2556 de·

224 2599 299 2648 vote
321 2590 355 2649 in
377 2591 439 2650 hoc
461 2601 573 2652 sancto
595 2592 658 2668 die,
680 2593 756 2669 quia
776 2601 850 2669 post
871 2609 982 2653 reces-

187 2695 297 2746 2⁰sum
319 2696 410 2748 tuum
434 2689 473 2748 ab
489 2689 644 2764 apostolis
666 2699 698 2750 et
712 2689 880 2750 introitum
904 2707 979 2750 cum

225 2784 349 2860 angelis
380 2785 414 2844 in
445 2786 545 2845 caelis
574 2787 692 2847 misisti
724 2788 807 2848 duos
835 2788 982 2864 angelos,

225 2883 376 2943 caelestis
411 2884 521 2944 curiae
556 2884 679 2961 legatos
714 2885 796 2945 albis
831 2885 982 2948 vestibus

225 2979 371 3057 amictos,
393 2981 432 3041 ad
455 2982 690 3043 consolandum
712 2984 877 3059 orphanos
905 2993 983 3044 tuos

225 3087 351 3153 postte
373 3079 407 3139 in
430 3080 556 3140 caelum
574 3080 781 3157 aspicientes,
803 3081 862 3142 sed
884 3082 980 3159 sequi

187 3173 289 3235 ssnon
311 3177 475 3252 valentes3
503 3177 558 3253 qui
581 3187 613 3237 et
634 3177 785 3238 dixerunt
813 3178 879 3239 eis:
909 3179 981 3240 Viri

225 3272 381 3350 Galilaei,
412 3275 490 3351 quid
512 3275 604 3335 statis
633 3276 830 3353 aspicientes
851 3277 885 3338 in
909 3295 982 3339 cae·

224 3370 318 3433 lum?
347 3371 436 3449 Quid
451 3371 654 3433 admiramini
677 3391 776 3450 super
797 3376 860 3435 hoc
882 3375 981 3435 mira·

224 3470 297 3530 culo
328 3471 489 3546 stupendo
527 3487 702 3547 numquam
734 3472 834 3533 viso?
886 3473 980 3532 Deus

224 3567 333 3626 omnia
349 3579 464 3645 potest,
488 3571 579 3630 Deus
596 3571 699 3632 iactus
716 3574 813 3634 homo
830 3572 982 3634 ascendit

579 3675 621 3716 aro
