2194 4180
87 592 294 659 mecpropter
321 583 439 644 merita
469 584 615 645 omnium
648 585 840 645 dilectorum

23 689 43 779 ζ
87 689 274 742 sauctorum
296 691 438 757 tuorum,
466 682 841 760 patriarcharum‚.pro·

23 782 42 866 J*
87 780 268 854 phetarum‚
283 780 515 856 apostolorum,
526 780 738 856 omniumque
749 798 841 840 sanc·

23 882 32 944 ᾗ
86 884 194 935 torum
221 876 409 937 laetantium
441 877 504 938 iam
536 887 645 938 tecum
676 877 709 937 in
741 895 841 955 regno

29 952 42 992 ³²
86 971 261 1033 caelorum.
850 997 864 1037 5

37 1145 41 1159 .
128 1069 307 1146 Memento,
339 1071 497 1147 Domine,
527 1071 618 1132 verbi
650 1071 753 1131 sancti
782 1071 841 1146 tui,

29 1148 41 1188 ³·
86 1167 173 1242 quod
189 1167 310 1243 dixisti,
332 1169 408 1245 quia
422 1170 515 1230 multi
538 1170 577 1230 ab
592 1169 718 1229 oriente
740 1178 773 1228 et
789 1185 841 1228 oc·

38 1258 40 1269 '
85 1263 215 1323 cidente
236 1264 371 1325 venient
385 1275 417 1326 et
432 1268 624 1327 recumbent
643 1283 717 1326 cum
740 1265 841 1326 Abra-

34 1440 39 1448 ·
86 1363 172 1436 ham,
194 1362 283 1422 Isaac
305 1373 338 1423 et
360 1363 455 1424 lacob
477 1364 510 1424 in
537 1381 637 1441 regno
665 1363 840 1424 caelorum.

23 1447 39 1480 '²
86 1460 148 1520 Fac
177 1478 253 1538 ergo
284 1478 355 1537 me,
386 1479 526 1540 quaeso,
556 1461 714 1537 Domine,
743 1460 877 1521 huiusro

85 1567 217 1618 sanctae
252 1558 419 1618 societatis
453 1568 486 1619 et
520 1576 654 1620 mensae
689 1558 841 1619 caelestis

29 1652 38 1678 ·’
85 1656 276 1734 participem
299 1657 370 1718 lieri
393 1657 427 1718 in
450 1674 551 1734 regno
576 1658 758 1732 caelorum,
785 1657 840 1733 qui

32 1750 37 1759 '
86 1753 244 1815 hodierna
265 1754 317 1815 die
339 1754 373 1814 in
395 1754 538 1832 glorioso
560 1772 696 1832 corpore
725 1755 765 1814 de
791 1771 841 1814 se·

32 1852 35 1872 ¹
84 1852 222 1926 pulchro
259 1852 468 1913 resurrexisti
505 1862 537 1912 et
571 1862 724 1912 aeternae
756 1852 840 1911 vitae

23 1935 34 1971 ²
84 1948 201 2024 gaudia
222 1949 375 2009 omnibus
397 1960 428 2010 te
451 1949 662 2027 diligentibus
690 1967 763 2010 cum
787 1967 877 2010 an·1s

28 2043 33 2053 '
84 2046 167 2122 gelis
189 2047 222 2106 in
245 2048 346 2108 caelis
375 2048 512 2109 firmiter
541 2047 731 2126 promisisti.
774 2046 840 2122 Qui

24 2225 29 2244 ῃ
85 2143 171 2203 vivis
193 2154 254 2206 etc.

291 2321 561 2398 [cnmrvuvm
586 2322 637 2398 n]

25 2519 26 2524 ,
116 2459 162 2520 De
182 2461 296 2522 devota
317 2463 503 2523 visitatione
523 2463 628 2522 sancti
648 2460 808 2536 sepulchri

213 2558 344 2621 Domini
365 2562 466 2621 nostri
486 2561 557 2620 Iesu
580 2558 706 2620 Christi.
849 2564 876 2607 2⁰

87 2672 332 2894 &medico
353 2739 386 2791 et
399 2729 519 2807 gratias
534 2745 593 2806 ago
609 2727 677 2803 tibi,
700 2726 840 2787 Domine

218 2828 291 2887 lesu
309 2827 455 2904 Christe,
476 2828 622 2888 omnium
643 2825 786 2886 tristium
809 2834 841 2885 et

87 2924 302 2986 maerentium
326 2925 529 3000 consolator,
557 2941 615 3001 pro
642 2924 760 2984 devota
786 2923 841 2982 illa

87 3021 273 3082 visitatione
295 3030 480 3082 sanctarum
510 3021 684 3082 mulierum
707 3020 841 3081 venien·

86 3118 167 3179 tium
179 3119 272 3178 valde
284 3136 379 3178 mane
392 3119 431 3178 ad
444 3120 654 3195 sepulchrum
666 3128 757 3178 tuum
769 3126 840 3177 orto
849 3133 877 3173 25

88 3216 151 3276 iam
174 3216 254 3292 sole,
276 3226 311 3276 ut
332 3226 468 3293 possent
490 3216 600 3277 omnia
620 3216 664 3276 ibi
687 3216 773 3276 clare
795 3214 841 3274 vi·

87 3313 176 3388 dere,
198 3329 280 3389 quae
297 3313 381 3375 lacta
395 3323 488 3374 erant
503 3314 536 3374 in
553 3314 607 3374 illa
622 3312 841 3373 sacratissima

87 3419 183 3470 nocte
206 3410 291 3470 inter
319 3429 434 3471 omnes
463 3429 573 3471 sacras
602 3420 716 3471 noctes
743 3410 841 3470 bene·

88 3507 182 3568 dicta.

129 3615 222 3653 ihomas
236 3625 250 3652 a
264 3615 292 3654 K.
308 3613 367 3656 Med.
435 3613 485 3654 '225
708 3614 733 3654 15
