2142 4172
229 665 315 716 tanta
335 656 437 734 gloria
458 666 490 716 et
511 656 633 717 laetitia
653 656 784 732 replens
809 674 867 717 eos
889 657 987 717 bonis

228 752 424 814 caelestibus
455 762 625 814 manentes
655 753 689 813 in
718 753 890 831 disciplina
921 757 986 818 Dei

228 850 288 910 sub
310 850 469 910 clausura.

267 947 296 1008 O
326 958 438 1009 sancte
467 958 499 1009 et
529 949 646 1009 dilecte
674 947 799 1008 Thoma
827 950 986 1026 apostole,

202 1047 349 1106 sutinam
380 1064 468 1107 nunc
503 1047 557 1107 hic
587 1046 708 1110 fuisses
740 1056 772 1106 et
801 1048 984 1108 mansisses

227 1162 300 1204 curn
324 1144 519 1220 coapostolis
540 1145 617 1220 tuis,
638 1145 767 1221 quando
783 1144 873 1205 venit
888 1146 984 1206 lesus

226 1250 258 1302 et
280 1242 374 1302 dixit:
398 1243 464 1302 Pax
479 1242 582 1302 vobis.
612 1241 677 1302 Sed
693 1241 776 1302 forte
798 1242 905 1319 aliqua
926 1260 984 1303 ne-

226 1340 363 1400 cessitas
394 1339 483 1400 exire
519 1339 632 1416 coegit.
682 1339 711 1400 O
744 1339 866 1400 utinam
901 1351 984 1402 tem·

225 1439 352 1514 pestive
374 1438 519 1498 redisses
540 1446 572 1498 et
594 1437 703 1497 omnia
724 1439 823 1499 verba
845 1447 876 1498 et
898 1438 984 1499 iacta

191 1537 301 1596 rolesu
330 1536 480 1596 audisses
508 1552 582 1595 curn
612 1535 747 1611 ceteris,
776 1536 982 1613 quambene

225 1633 282 1693 tibi
306 1633 496 1711 contigisset
517 1643 550 1693 et
571 1633 733 1693 crederes.

266 1731 331 1791 Sed
352 1732 427 1808 quis
442 1731 532 1791 novit
554 1748 688 1790 sensum
705 1741 806 1806 tuum,
829 1732 982 1806 Domine,

225 1840 279 1891 aut
307 1831 381 1907 quis
404 1831 610 1891 consiliarius
639 1840 715 1890 tuus
741 1831 818 1906 fuit,
846 1839 881 1890 ut
902 1838 981 1890 tunc

225 1928 332 1988 subito
354 1929 496 2004 venires
524 1928 653 2005 quando
675 1926 816 1988 Thomas
845 1945 910 1987 non
935 1928 981 1988 ai-

191 2025 286 2086 isfuit
301 2035 333 2086 et
349 2026 431 2086 forte
447 2025 561 2086 exiens
576 2042 689 2104 parurn
707 2024 870 2086 tardavit?
900 2026 981 2102 Cur,

225 2124 310 2183 bone
326 2124 411 2199 lesu,
433 2123 480 2183 sic
497 2123 603 2183 iecisti
620 2133 652 2183 et
666 2122 829 2183 modicum
845 2140 910 2182 non
927 2140 981 2184 ex-

225 2221 371 2297 pectasti,
393 2222 497 2281 donec
519 2219 660 2280 Thomas
682 2219 829 2280 rediret?
859 2220 981 2297 Quare,

224 2319 277 2394 pie
300 2319 392 2395 lesu,
420 2336 485 2379 non
515 2319 640 2379 dixisti:
672 2319 733 2378 Vbi
757 2328 807 2379 est
828 2317 981 2393 Thomas,

225 2417 279 2494 qui
310 2426 375 2477 tarn
408 2418 573 2477 ferventer
607 2416 799 2493 loquebatur
833 2417 872 2476 ad
904 2433 980 2476 con·

187 2515 419 2591 aodiscipulos:
450 2515 569 2574 Eamus
598 2525 630 2575 et
658 2531 719 2574 nos
747 2524 779 2575 et
802 2514 981 2574 moriamur

225 2630 298 2672 curn
315 2613 381 2673 eo?
410 2611 439 2672 0
456 2623 567 2673 sancte
583 2613 685 2688 Deus,
707 2630 765 2672 cur
779 2629 844 2672 non
860 2612 978 2672 misisti

223 2727 281 2787 pro
310 2727 366 2785 eo,
396 2719 430 2770 ut
459 2710 522 2770 cito
551 2710 678 2771 veniret
707 2720 739 2771 et
766 2721 798 2771 te
826 2710 980 2771 videret?
1057 2783 1058 2790 ἵ

225 2808 262 2868 Et
291 2825 350 2885 ego
375 2808 402 2867 si
432 2807 618 2883 affuissem,
647 2817 679 2868 et
706 2808 763 2868 tibi
792 2809 979 2885 placuisset,
1057 2811 1058 2870 f

223 2904 335 2981 utique
357 2905 498 2965 libenter
525 2905 660 2965 ivissem
686 2923 745 2982 pro
768 2922 817 2966 eo.
860 2905 979 2964 Nonne

186 3002 355 3066 asSamuel
366 3004 523 3078 propheta
533 3003 622 3063 misit
632 3004 861 3064 advocandum
874 3002 978 3063 David
1057 3007 1058 3084 J

224 3117 263 3159 ex
291 3099 438 3176 pascuis,
467 3109 502 3160 ut
523 3100 651 3160 veniret
680 3110 712 3160 et
740 3111 917 3178 ungeretur
944 3100 978 3160 in
1057 3087 1058 3094 ἵ

224 3215 333 3274 regern
356 3214 464 3257 coram
488 3197 642 3257 iratribus
664 3197 761 3258 suis?

263 3295 328 3355 Sed
349 3311 436 3354 nunc
459 3295 527 3355 scio
545 3311 623 3355 vere
646 3305 677 3354 et
697 3295 805 3370 credo,
827 3295 978 3370 Domine,

223 3393 299 3469 quia
320 3393 429 3452 omnia
451 3395 531 3453 haec
554 3393 587 3452 in
603 3410 681 3453 vero
704 3402 736 3453 et
751 3403 839 3454 recto
857 3393 977 3454 iudicio
1013 3407 1018 3418 ·

186 3489 292 3554 acheri
315 3491 504 3566 permisisti,
526 3491 580 3568 qui
604 3491 729 3551 caelum
753 3500 784 3551 et
804 3501 921 3551 terram
944 3491 977 3550 in

223 3585 382 3660 sapientia
403 3596 457 3646 tua
478 3588 605 3647 creasti.
649 3588 702 3648 Nil
728 3589 815 3649 enim
838 3589 871 3648 in
894 3599 978 3648 terra

582 3692 623 3733 aaa
