2154 4174
256 409 1007 518 Quam&

250 605 281 655 et
303 595 523 657 descendente
545 597 653 656 anima
670 597 795 658 Christi
819 599 859 658 ad
882 598 1012 658 inferos

250 694 417 770 compulsa
448 711 484 754 es
515 695 651 755 reddere
681 712 796 755 omnes
827 696 986 768 electos
977 714 1012 756 m

250 790 353 850 Adam
369 801 526 868 mortuos
547 794 829 870 quosdiutissim
829 822 920 892 fluo
944 804 990 864 nil

249 888 369 949 inferni
392 898 541 952 tenuerat
563 891 717 968 captivos.
747 892 836 971 Sic„
860 902 935 962 fine

226 987 450 1062 spraedictum
481 989 586 1050 luerat
616 1007 675 1067 per
702 992 796 1066 propl
808 1008 1006 1088 wpaternae
1015 1065 1018 1068 ,
1046 1003 1064 1046 ὀ

250 1101 338 1144 mors
361 1096 424 1162 tua,
446 1105 465 1146 ο
488 1105 593 1163 mors3
620 1097 807 1147 morsust
803 1115 834 1158 0
865 1072 1015 1166 mestu-

251 1181 352 1242 leme.
408 1184 502 1244 Vnde
541 1195 572 1244 et
608 1185 763 1244 decenter
825 1184 1014 1245 ecclesia

250 1280 398 1341 altisonis
420 1283 557 1343 vocibus
579 1291 741 1344 cantatur:
766 1282 841 1342 lita
861 1282 897 1341 in
921 1282 1012 1360 ligno

250 1377 397 1454 moritur,
419 1379 569 1440 infernus
591 1397 630 1440 ex
652 1397 763 1441 morsu
796 1380 1012 1455 despoliatur.

216 1498 240 1539 ro
291 1475 392 1552 Igitur
406 1476 439 1536 in
456 1488 560 1538 morte
579 1487 644 1554 tua,
667 1478 811 1553 Christe,
834 1494 911 1553 spes
928 1479 1011 1539 mihi

251 1573 396 1634 redditur
417 1575 520 1650 vitae,
552 1585 583 1636 et
612 1593 732 1636 corona
754 1576 837 1635 redit
866 1576 1012 1636 laetitiae

250 1671 397 1748 principe
419 1674 533 1734 mortis
555 1674 693 1735 devicto.
735 1674 822 1734 Vere
838 1691 956 1750 magna
979 1684 1012 1734 et

251 1768 420 1845 multiplex
442 1787 482 1830 ex
504 1780 536 1830 te
558 1770 720 1831 emanavit
741 1770 853 1847 gratia,
878 1773 1011 1848 quando

252 1866 284 1925 in
307 1866 393 1943 ligno
423 1867 530 1927 crucis
560 1870 707 1928 mortuus
735 1867 825 1928 luisti
854 1886 914 1944 pro
944 1871 1011 1930 vita

218 1973 371 2027 rsnostra.
423 1964 506 2025 Nam
543 1965 670 2025 deletur
704 1965 871 2042 originalis
903 1968 1011 2044 culpa,

253 2061 428 2122 remittitur
462 2063 617 2139 iniquitas
651 2063 800 2139 propria,
835 2065 1012 2141 ampliatur

252 2159 357 2234 venia,
380 2159 544 2236 mitigatur
565 2176 680 2236 poena,
702 2161 914 2237 suspenditur
939 2164 1011 2223 vin-

252 2256 346 2332 dicta,
368 2257 506 2316 solvitur
527 2274 624 2318 omne
647 2258 810 2334 debitum,
839 2260 922 2320 nulli
954 2261 1014 2320 mi-

251 2355 429 2416 sericordia
460 2357 639 2433 denegatur
668 2368 741 2434 post
773 2357 904 2433 fletum,
935 2358 1014 2434 quia

213 2475 240 2517 ao
251 2452 488 2513 inexhauribile
512 2464 562 2513 est
578 2454 742 2530 passionis
756 2463 832 2514 tuae
847 2455 1014 2515 meritum.

252 2550 326 2610 Non
348 2551 437 2611 enim
459 2549 558 2627 gratis
588 2561 736 2612 mortuus
763 2569 808 2611 es
854 2552 918 2613 Pro
948 2570 1014 2629 quo

251 2665 327 2724 ergo
363 2657 511 2709 mortuus
532 2651 613 2726 es?
670 2650 839 2727 Siquidem
876 2651 1014 2726 angelus
1061 2691 1062 2718 r

250 2762 315 2804 non
338 2747 442 2823 eguit,
471 2748 547 2824 quia
568 2748 602 2807 in
625 2749 762 2808 veritate
785 2748 911 2808 stabilis
940 2766 1014 2825 per·
1060 2786 1062 2822 2

251 2844 379 2905 mansit.
410 2845 568 2906 Diabolus
590 2864 655 2907 non
679 2846 829 2923 resurgit,
852 2846 929 2922 quia
949 2856 1012 2907 sta·
1060 2915 1062 2922 ,

214 2943 307 3007 astim
335 2953 407 3018 post
436 2944 563 3020 lapsum
594 2944 765 3005 induratus
797 2944 867 3004 luit.
912 2944 1014 3020 Igitur
1059 2981 1061 3024 2

251 3058 308 3117 pro
340 3041 472 3101 homine
502 3052 650 3102 mortuus
681 3059 734 3117 es,
765 3042 820 3118 qui
853 3041 1013 3102 diabolica

252 3139 364 3200 fraude
387 3139 544 3216 deceptus
574 3141 696 3201 corruit
725 3141 757 3200 in
781 3149 930 3200 mortem.
975 3140 1013 3199 Et
1058 3177 1061 3216 :

252 3238 372 3297 iustum
406 3237 482 3313 luit,
513 3255 611 3314 quem
644 3239 749 3298 aliena
781 3238 904 3298 malitia
939 3255 1011 3314 pro·
1056 3273 1061 3316 t

252 3335 375 3409 stravit,
396 3344 431 3394 ut
453 3335 570 3395 caritas
592 3344 647 3396 tua
668 3336 760 3396 illum
783 3334 935 3411 erigeret.
980 3334 1009 3397 O
1056 3366 1061 3412 p

214 3449 348 3509 uquam
372 3450 487 3510 magna
508 3433 629 3509 pietas,
659 3451 677 3492 o
706 3432 883 3493 ineffabilis
909 3435 1009 3494 divini
1056 3471 1060 3510 p

253 3531 380 3590 consilii
417 3530 638 3607 profunditas!
695 3530 724 3592 Ο
762 3531 949 3592 mirandum
981 3543 1011 3592 et
1055 3567 1060 3608 ἶ

614 3637 652 3678 192
