2118 4180
65 400 794 520 {illimatam

59 598 181 674 simplex
196 597 229 658 in
244 594 377 670 vestitu,
396 591 535 670 pudicus
549 590 634 667 visu,
653 599 801 650 maturus

58 695 185 772 incessu,
205 693 338 771 quietus
360 700 480 767 mente,
501 688 619 750 tacitus
641 705 708 764 ore,
728 705 801 765 pro·

58 793 139 853 vidus
159 792 305 867 actione,
334 789 422 851 intus
443 806 481 849 ac
504 787 584 849 loris
608 785 801 861 custoditus,

57 889 122 966 vigil
141 890 174 950 in
195 888 352 963 oratione,
374 888 512 947 devotus
532 885 565 946 in
580 883 801 957 meditatione,

58 987 181 1064 diligens
195 987 236 1047 ad
250 986 406 1062 laborem,
427 984 555 1062 patiens
568 984 608 1043 ad
625 981 824 1058 correptio-5

57 1102 136 1161 nem,
157 1093 328 1162 promptus
349 1084 389 1143 ad
411 1080 666 1156 oboedientiam,
687 1086 801 1139 tracta·

57 1183 120 1242 bilis
139 1184 178 1243 ad
204 1182 463 1256 omnebonum,
490 1196 557 1240 non
578 1177 707 1252 tardus,
734 1192 800 1235 non

57 1282 237 1360 neglegens,
262 1296 329 1340 non
350 1278 471 1354 tristis,
495 1294 561 1338 non
583 1274 801 1348 turbulentus,

57 1395 112 1438 non
137 1396 256 1456 vagus,
284 1394 350 1438 non
379 1376 599 1449 clamorosus,
629 1372 688 1433 sed
716 1370 801 1448 pius,

58 1491 191 1551 serenus,
213 1474 377 1535 iucundus
397 1490 435 1533 ac
456 1472 635 1533 modestae.
813 1483 837 1524 m

220 1717 491 1796 [enprrvnvn
515 1715 630 1792 xxm]

58 1867 95 1928 lle
102 1871 184 1946 sesto
195 1867 382 1945 palmarum
397 1871 429 1927 et
442 1865 558 1926 humili
571 1864 718 1940 equitatu
730 1862 800 1922 lesu

305 1982 339 2043 in
360 1980 542 2042 ierusalem.

13 2169 14 2212 l
59 2091 293 2314 &medico
316 2160 348 2212 et
361 2149 481 2228 gratias
495 2166 554 2227 ago
570 2148 638 2224 tibi,
661 2146 802 2208 Domine

185 2249 261 2309 lesu
293 2248 446 2324 Christe,
482 2248 628 2308 clemens
663 2247 840 2306 salvatoris

58 2347 157 2407 mundi
185 2364 223 2407 ac
251 2347 440 2407 misericors
467 2347 653 2421 redemptor
672 2342 804 2421 generis

13 2461 16 2532 l
58 2443 196 2521 humani,
223 2461 282 2521 pro
314 2453 388 2504 tuae
410 2443 589 2520 stupendae
611 2440 803 2501 humilitatis

13 2561 14 2572 ¹
58 2541 262 2603 declaratione
284 2550 316 2602 et
338 2540 515 2601 ineffabilis
529 2539 660 2617 pietatis
681 2539 803 2616 magni·

13 2605 15 2668 i
57 2639 172 2717 tudine,
200 2656 297 2717 quam
325 2639 484 2699 hodierna
512 2638 564 2699 die
594 2637 744 2714 dignatus
766 2654 803 2697 es

13 2767 14 2800 r
59 2737 211 2813 exhibere,
233 2754 307 2798 cum
331 2754 429 2813 supra
448 2737 581 2796 dorsum
597 2736 689 2796 aselli
705 2736 840 2796 nudlsao

59 2834 184 2906 pedibus
211 2834 387 2896 ascendisti
417 2843 449 2895 et
480 2851 554 2894 cum
575 2835 677 2895 multa
698 2844 804 2895 turma

61 2946 90 2989 ac
108 2933 255 2993 laudibus
273 2949 449 3009 puerorum
472 2941 616 2993 sanctam
639 2931 802 2992 civitatem

62 3027 226 3090 Ierusalem
248 3029 400 3091 introisti.

94 3127 196 3190 Laudo
218 3138 251 3190 et
271 3127 417 3206 glorifico
439 3137 486 3205 te,
513 3126 623 3188 inclite
646 3126 736 3203 lesu,
759 3126 804 3188 lili

62 3221 163 3302 David,
183 3243 242 3303 pro
264 3225 415 3286 sollemni
440 3213 624 3285 reverentia
644 3241 663 3283 a
684 3225 841 3300 populozs

62 3318 149 3382 lsrael
169 3323 227 3383 tibi
250 3323 347 3383 hodie
374 3322 539 3399 impensa,
567 3338 671 3399 aquo
694 3338 751 3382 rex
772 3330 804 3381 et

62 3419 205 3493 propheta
219 3436 356 3497 magnus
375 3419 503 3497 agnitus
524 3436 562 3479 es
583 3427 615 3479 et
637 3418 805 3479 altissimis

64 3514 184 3576 vocibus
204 3517 420 3593 praedicatus.

424 3623 452 3663 45
