2194 4180
239 407 984 518 werpum&

232 597 295 657 nisi
327 596 524 674 paupercula
553 605 657 657 mater
685 596 774 672 eius,
804 613 987 672 quaecum

232 694 345 771 paucis
366 693 427 754 sibi
450 693 537 754 notis
558 693 647 754 iuxta
666 710 796 754 crucem
812 693 989 754 lacrimans

232 793 344 853 stabat.
373 792 462 853 Vidit
476 791 596 868 quippe
612 790 860 852 dilectissimum
884 790 988 851 lilium

232 906 328 950 suum
351 898 424 950 ante
447 905 483 948 se
505 889 592 950 nudo
614 906 651 948 ac
667 898 834 950 cruentato
850 906 989 966 corpore

208 988 439 1065 spendentem‚
461 987 541 1048 vidit
562 987 748 1064 pallentem,
775 986 857 1048 vidit
877 986 989 1064 agoni·

232 1095 370 1161 zantem,
390 1085 513 1145 audivit
528 1102 602 1146 cum
618 1086 759 1146 clamore
775 1086 989 1162 expirantem.

233 1184 303 1244 Nec
325 1183 455 1260 mirum,
484 1184 511 1243 si
533 1183 587 1243 his
608 1183 690 1243 visis
710 1183 852 1260 graviter
876 1183 990 1260 doluit,
1080 1171 1081 1194 ³

233 1281 398 1358 expalluit,
419 1291 452 1342 et
474 1281 595 1342 defecit
616 1281 725 1341 anima
752 1281 825 1341 eius
846 1280 880 1340 in
903 1281 990 1341 salu·

233 1379 291 1440 tari
322 1397 382 1440 suo
411 1396 519 1439 coram
549 1396 585 1439 se
608 1379 763 1440 crucifixo
790 1395 826 1438 ac
848 1387 989 1439 mortuo.

198 1502 223 1542 ιο
234 1477 272 1538 Et
293 1486 328 1537 tu
350 1494 427 1554 ergo
449 1495 523 1538 cum
541 1478 645 1538 illaria
667 1477 705 1538 ad
721 1494 852 1538 crucem
869 1478 989 1538 accede

233 1586 265 1636 et
300 1575 340 1636 de
375 1586 479 1636 morte
517 1577 591 1636 lesu
630 1577 780 1637 dolenter
821 1575 990 1636 meditare.

234 1674 317 1734 Ecce
339 1674 477 1734 moritur
492 1673 652 1734 innocens
668 1673 761 1733 lesus
779 1673 854 1732 exul
877 1682 910 1733 et
931 1690 991 1732 nu·

233 1772 304 1848 dus,
326 1789 387 1832 nec
403 1772 555 1832 miserior
570 1789 609 1832 eo
625 1771 743 1848 aliquis
758 1780 809 1831 est
823 1770 990 1832 inventus.

234 1869 340 1930 Nemo
364 1871 434 1930 Deo
463 1870 603 1947 amplius
633 1869 789 1944 dilectus,
819 1885 918 1929 nemo
949 1870 989 1929 ab

198 1968 422 2034 rshominibus
450 1968 553 2044 magis
582 1967 642 2027 luit
671 1967 862 2043 despectus,
891 1984 989 2044 quam

234 2065 327 2125 lesus
359 2064 550 2124 Nazarenus
584 2082 603 2123 a
639 2064 767 2125 ludaeis
802 2064 989 2125 crucifixus.

234 2162 317 2222 Ecce
339 2162 435 2238 quale
457 2162 636 2238 praemium
666 2162 712 2221 illi
735 2161 874 2223 reddidit
896 2180 991 2222 mun·

233 2261 294 2322 dus
322 2277 381 2337 pro
410 2260 562 2321 omnibus
593 2259 714 2320 inclitis
742 2259 843 2335 gestis
865 2259 936 2320 suis
957 2270 991 2320 et

234 2359 347 2436 signis.
403 2358 573 2420 Occiditur
607 2367 770 2434 tamquam
807 2356 990 2418 vilissimus

196 2483 223 2524 20
234 2459 406 2532 latronum,
427 2457 565 2517 moritur
579 2456 664 2516 sicut
678 2455 907 2532 pauperrimus
921 2473 991 2516 om·

234 2556 335 2616 nium.
365 2555 507 2620 Moritur
521 2564 630 2614 autem
647 2555 740 2614 lesus
760 2571 826 2614 non
849 2554 882 2614 in
905 2554 990 2614 lecto

234 2654 274 2713 de
295 2653 433 2729 plumis,
461 2653 519 2714 sed
541 2652 574 2712 in
604 2669 719 2728 aspero
748 2651 835 2728 ligno
865 2651 991 2729 crucis3

234 2768 299 2810 non
326 2751 359 2810 in
382 2750 478 2811 domo
506 2766 614 2828 neque
643 2750 703 2810 sub
732 2759 835 2824 tecto,
865 2749 924 2810 sed
956 2749 990 2810 in

234 2859 362 2926 aperto,
392 2848 425 2907 in
448 2848 520 2908 loco
550 2846 670 2908 foetido
699 2856 795 2924 atque
824 2846 991 2922 despecto,

197 2963 299 3015 25non
322 2945 355 3005 in
378 2955 506 3005 secreto
527 2945 687 3020 thalamo,
716 2945 774 3004 sed
802 2945 836 3005 in
858 2945 989 3021 publico

235 3043 398 3119 patibulo,
439 3059 505 3102 non
541 3042 574 3102 in
610 3042 717 3102 medio
754 3042 989 3118 discipulorum
1080 3031 1081 3042 ’

234 3160 380 3218 suorum,
401 3142 459 3203 sed
481 3141 514 3201 in
537 3141 644 3202 medio
661 3141 798 3201 duorum
817 3141 991 3215 latronum,
1080 3161 1081 3164 ¹

234 3258 299 3301 non
315 3241 401 3301 inter
414 3240 567 3299 bracchia
577 3256 671 3300 carae
686 3239 809 3315 matris,
831 3238 889 3298 sed
904 3237 991 3298 inter
1080 3273 1081 3278 κ

235 3356 357 3399 cornua
372 3339 454 3399 altae
477 3336 595 3397 crucis.
639 3336 713 3396 Non
735 3335 847 3396 habuit
869 3336 930 3396 sub
952 3353 991 3396 se
1080 3413 1081 3416 Ἴ

197 3436 398 3499 aomodicum
414 3434 580 3496 straminis
602 3451 663 3494 nec
685 3451 840 3510 superse
861 3442 992 3509 operto·
1080 3419 1081 3432 ἢ

235 3535 318 3594 rium
350 3533 501 3593 vilissimi
533 3532 741 3592 linteaminis.
794 3531 906 3592 Defuit
943 3531 991 3591 illi

598 3636 636 3678 182
