2152 4174
88 375 832 489 Qunam&

80 568 263 628 membrum
302 566 372 627 lieri
408 567 601 642 delicatum,
636 577 668 628 et
707 584 836 629 summa

80 665 250 725 maiestate
280 665 319 724 ad
349 664 430 726 dura
459 674 491 724 et
522 664 647 725 abiecta
677 682 713 725 se
744 665 836 726 incli-

79 772 184 836 nante
199 771 233 825 tu
255 762 321 822 noli
345 761 477 822 laxioris
492 762 578 823 vitae
600 762 716 823 itinera
737 780 835 839 quae·

79 878 172 937 rere,
213 862 272 921 sed
314 862 422 938 potius
457 861 649 922 austerioris
690 863 834 940 arripere

79 959 271 1037 disciplinae
287 960 460 1020 fervorem.
483 959 752 1036 confundamini,
767 978 858 1021 om·s

80 1073 138 1117 nes
155 1057 212 1117 lilii
228 1059 410 1134 superbiae,
426 1059 481 1136 qui
497 1059 535 1118 ad
551 1058 665 1119 altiora
675 1059 835 1119 anhelatis

78 1165 110 1216 et
132 1165 228 1232 caput
249 1154 282 1215 in
301 1155 441 1216 sublime
456 1156 579 1231 tollitis,
601 1164 637 1216 ut
658 1156 834 1217 videamini

78 1254 198 1314 ceteris
233 1253 416 1330 digniores,
439 1249 526 1314 'cum
558 1253 630 1314 sitis
661 1269 700 1314 eo
731 1253 835 1330 magis

77 1351 268 1411 deteriores.
305 1350 496 1411 Erubescite
511 1350 603 1411 nitidi
627 1351 781 1411 incedere
800 1351 833 1410 in

76 1448 262 1524 praesentia
284 1446 433 1524 flagellati
456 1457 553 1524 atque
580 1448 725 1509 coronati
749 1449 834 1524 Iesu,
845 1469 870 1510 ro

5 1555 6 1558 ’
76 1547 131 1623 qui
155 1563 215 1606 vos
236 1546 375 1623 gemmis
397 1556 430 1607 et
450 1547 566 1606 sericis
581 1546 756 1622 adornatis,
777 1547 832 1623 qui

75 1642 254 1703 moriturae
286 1643 374 1703 carni
405 1653 535 1704 vestrae
568 1661 682 1704 aurum
719 1653 750 1704 et
785 1662 834 1705 ar-

74 1748 210 1816 gentum
221 1740 478 1818 circumponitis,
489 1741 544 1818 qui
556 1741 669 1802 mitras
679 1742 833 1818 pulchras

75 1838 108 1898 in
132 1838 294 1914 capitibus
315 1839 354 1899 ad
377 1839 628 1900 ostentationem
644 1839 779 1901 defertis
801 1849 833 1900 et

73 1938 113 1996 ad
150 1955 235 2014 opus
274 1937 509 2014 redemptionis
544 1946 693 2013 vestrae,
735 1954 831 2015 quam
843 1959 868 2001 15

73 2034 156 2095 diris
191 2034 307 2111 poenis
342 2035 501 2112 redempti
539 2035 639 2111 estis,
680 2052 746 2097 non
782 2053 831 2096 re-

5 2149 7 2158 *
72 2131 212 2210 spicitis.

114 2228 319 2303 Consolare‚
351 2230 540 2306 consolare,
571 2232 769 2308 paupercule
799 2241 831 2292 et

69 2329 226 2388 ulcerose
256 2327 393 2403 Lazare,
424 2337 456 2388 et
485 2328 684 2406 quicumque
712 2330 745 2390 in
767 2331 830 2390 boc

69 2426 196 2486 mundo
234 2423 443 2501 despicabilis
484 2426 634 2502 haberis,
675 2426 866 2503 quoniamao

68 2524 231 2584 maiorem
253 2521 501 2582 similitudinem
521 2523 595 2583 Iesu
612 2523 773 2584 Nazareni
795 2523 829 2583 in

67 2620 317 2684 infirmitatibus
344 2619 410 2679 tuis
437 2628 470 2679 et
499 2619 681 2681 deiectibus
710 2630 830 2698 gestas,

67 2735 169 2794 quam
207 2717 300 2778 dives
336 2717 369 2776 in
404 2716 514 2794 pravis
549 2717 722 2778 itineribus
760 2719 830 2779 suis

65 2816 173 2893 bysso
196 2825 228 2876 et
250 2830 394 2891 purpura
415 2823 599 2890 coopertus.
636 2816 674 2876 Et
695 2825 741 2892 tu,
762 2833 830 2876 mo-

65 2915 177 2973 nache
199 2913 371 2988 cucullate‚
394 2928 437 2972 ne
459 2912 694 2973 verecunderis
714 2929 866 2990 grossoas

65 3018 101 3069 et
124 3018 303 3070 reconsuto
325 3009 446 3069 amictu
468 3010 607 3086 contegi,
630 3010 707 3086 quia
727 3010 830 3088 gloria

64 3108 127 3168 tibi
155 3107 311 3185 specialis
336 3117 387 3168 est
416 3125 525 3168 coram
549 3109 620 3168 Deo
648 3117 681 3168 et
704 3107 829 3184 angelis

64 3205 154 3281 ciuS,
170 3205 199 3266 si
215 3205 359 3266 incultus
374 3205 486 3266 habitu
502 3214 534 3266 et
549 3206 696 3266 moribus
706 3205 829 3266 sanctis

63 3303 190 3364 cultior
204 3303 403 3381 apparueris.
431 3303 577 3365 Grandis
592 3303 743 3364 conlusio
758 3302 829 3362 viro

63 3400 270 3476 monastico,
301 3400 329 3461 si
359 3400 540 3462 subtilioris
568 3401 666 3478 panni
696 3409 865 3478 quaeratao

62 3497 317 3574 indumentum,
346 3498 401 3576 qui
429 3499 551 3559 mundo
576 3499 731 3560 debuerat
754 3514 829 3558 esse

436 3605 464 3646 oo
692 3603 721 3645 r·
