2142 4172
391 690 661 770 [cnrlrvcvn
685 692 832 769 xvrnr]

235 854 282 914 De
302 853 448 914 convivio
465 851 582 913 Christi
602 868 674 913 cum
689 852 807 913 eisdem
822 852 995 928 discipulis
1052 901 1053 944 }

573 975 650 1018 suis.

236 1070 483 1292 &medico
498 1137 531 1189 et
545 1127 664 1204 gratias
679 1145 738 1204 ago
757 1127 826 1203 tibi,
849 1126 993 1187 Domine

213 1247 227 1288 5
367 1227 442 1287 lesu
465 1225 618 1302 Christe,
647 1225 833 1286 consolator
859 1223 994 1284 tribula-

235 1332 359 1399 torum,
401 1323 573 1384 miserator
608 1340 808 1400 pauperum‚
849 1322 994 1382 refector
1052 1383 1053 1428 1

236 1420 462 1496 esurientium,
477 1421 677 1482 confortator
691 1419 918 1494 laborantium,
932 1436 993 1495 pro

236 1517 395 1593 corporali
412 1517 563 1579 conuiuio
585 1534 659 1578 cum
680 1516 851 1593 discipulis
871 1515 938 1576 tuis
961 1524 993 1576 et

236 1630 294 1689 pro
317 1614 449 1690 copiosa
464 1624 596 1692 captura
610 1615 786 1675 multorum
809 1623 841 1674 et
860 1630 993 1690 magno-

202 1728 308 1771 torum
330 1711 469 1787 piscium
492 1729 551 1788 per
576 1729 693 1772 manus
722 1721 755 1772 et
783 1712 912 1773 labores
941 1729 993 1771 ca-

236 1809 440 1870 rissimorum
464 1809 697 1886 discipulorum
713 1818 843 1870 tuorum
866 1808 899 1869 in
916 1825 993 1869 con·

235 1916 350 1983 spectu
372 1907 540 1967 oculorum
556 1916 686 1968 tuorum
710 1916 742 1968 et
763 1923 822 1982 per
836 1905 991 1966 virtutem

235 2005 410 2065 verborum
441 2013 589 2080 tuorum,
624 2005 752 2081 quando
784 2003 893 2064 dixisti
925 2002 993 2063 eis:

236 2101 357 2162 Mittite
379 2102 413 2160 in
435 2102 601 2162 dexteram
623 2101 743 2178 navigii
775 2110 861 2176 rete,
890 2110 922 2160 et
944 2100 993 2160 in-

203 2198 385 2260 rsvenietis.
433 2197 463 2259 Ο
491 2216 607 2276 magna
634 2198 736 2275 gratia
763 2198 835 2259 Dei.
876 2197 925 2258 Tu
956 2214 993 2258 es

236 2297 322 2356 enim
346 2305 472 2356 creator
493 2296 639 2357 omnium
662 2313 771 2356 rerum
793 2305 826 2356 et
840 2296 994 2372 provisor

236 2412 413 2471 egenorum
436 2403 469 2454 et
484 2393 689 2470 pusillorum,
711 2393 766 2470 qui
788 2411 854 2454 non
870 2394 993 2454 habent

235 2493 456 2570 promptuaria
483 2492 581 2568 plena
608 2491 755 2552 ciborum
784 2509 845 2552 nec
873 2491 992 2552 bursas

235 2591 442 2652 denariorum
472 2590 505 2649 in
535 2589 626 2650 cistis
656 2589 872 2650 absconditas.
922 2590 991 2650 Vae

199 2689 475 2749 aoconiidentibus
497 2687 530 2748 in
553 2687 685 2748 scriniis
706 2687 793 2762 suis,
821 2687 876 2748 ubi
899 2687 991 2748 iures

235 2795 373 2861 possunt
394 2803 459 2847 una
480 2795 575 2846 nocte
597 2784 707 2846 omnia
722 2801 836 2860 rapere
858 2793 890 2845 et
905 2785 991 2846 male

236 2901 440 2945 consumere.

277 2981 386 3043 Laudo
422 2991 455 3042 et
488 2980 634 3058 glorifico
665 2990 717 3056 te,
751 2979 990 3058 gloriosissime

236 3081 328 3156 Iesu,
356 3097 414 3157 pro
443 3078 605 3139 amicabili
627 3078 819 3139 invitatione
848 3077 990 3156 discipu·

198 3195 226 3236 52
235 3178 339 3240 lorum
370 3187 401 3237 et
430 3194 608 3253 pauperum
638 3176 836 3253 piscatorum
858 3185 989 3238 tuorum

235 3277 274 3336 ad
296 3276 520 3352 prandendum
548 3283 657 3334 tecum
687 3283 760 3350 post
790 3274 923 3352 longum
946 3276 990 3336 ie·
1052 3303 1053 3312 ¹

234 3373 361 3434 iunium
392 3382 424 3434 et
454 3388 587 3449 gravem
623 3371 766 3431 laborem
798 3371 989 3447 piscationis
1052 3373 1053 3390 ¹

234 3471 348 3531 dicens
364 3470 428 3531 eis:
444 3469 573 3544 Venite,
588 3469 761 3544 prandete3
775 3469 885 3545 paravi
901 3469 988 3530 enim

234 3567 328 3626 vobis
351 3566 490 3643 fatigatis
512 3574 544 3626 et
565 3565 787 3626 esurientibus
816 3583 934 3642 panem
957 3577 988 3628 et

589 3670 630 3710 ns
