2152 4174
255 630 535 707 sanguinolentam
586 632 760 694 redderent
808 642 904 710 atque
956 634 1013 694 de·
1047 615 1057 644 '⁶

256 726 404 789 formem.
1048 702 1057 744 Ἡ

295 824 324 886 Ο
347 825 446 887 nimis
463 827 671 889 lamentabile
686 830 920 906 spectaculum,
942 847 1013 890 cer·
1052 902 1054 905 ¹

253 940 333 985 nere
349 925 411 986 Dei
434 925 535 986 lilium
557 935 623 986 tam
643 926 860 1004 ignominiose
880 937 912 988 et
927 936 1014 987 atro·

231 1021 335 1092 5citer
365 1033 572 1100 coronatum,
602 1024 635 1085 in
665 1041 729 1102 quo
757 1024 883 1084 nullum
906 1025 1013 1101 potuit
1045 1031 1053 1104 2}

254 1121 454 1196 deprehendi
477 1131 657 1199 peccatum.
1051 1109 1054 1137 ³

296 1218 370 1278 Heu
393 1218 620 1280 crudelissima
642 1220 780 1280 militum
804 1205 927 1295 rabies,
955 1221 1012 1298 qui
1049 1229 1056 1304 J

254 1326 318 1376 tam
341 1326 500 1393 sanctum,
522 1326 586 1377 tam
608 1318 792 1394 pulchrum,
813 1326 877 1377 tam
900 1316 1013 1377 nobile
1056 1329 1057 1334 ’

254 1430 290 1473 ac
313 1415 529 1475 reverendum
559 1425 654 1492 caput
682 1433 748 1476 non
771 1416 1013 1475 exhorruerunt
1056 1497 1057 1502 ἵ

221 1533 244 1574 ιο
254 1520 300 1572 tot
314 1513 439 1573 aculeis
449 1512 616 1590 spinarum
628 1513 802 1590 conligere,
817 1511 896 1589 quin
911 1511 1012 1572 etiam
1054 1593 1057 1600 ,

254 1610 324 1669 ausi
347 1620 423 1671 sunt
444 1610 551 1688 ipsum
575 1628 683 1688 regem
707 1611 894 1688 angelorum
925 1611 1013 1669 salu·
1051 1619 1056 1628 ”

253 1706 350 1767 tando
381 1707 537 1782 irridere,
572 1717 743 1783 percutere
775 1717 806 1768 et
837 1707 870 1767 in
903 1708 1011 1784 palam
1051 1785 1053 1792 y

254 1805 407 1864 omnibus
428 1814 602 1866 ostentare.
1055 1789 1057 1826 ³

295 1901 324 1963 Ο
340 1902 514 1964 mitissime
531 1903 615 1978 Iesu,
636 1919 692 1964 rex
707 1920 835 1963 summe
851 1903 1013 1979 amabilis,

221 2016 245 2057 rs
255 2016 375 2061 corona
405 2000 649 2075 conlitentium,
681 2000 835 2061 fortitudo
865 2017 1013 2078 pugnan-
1051 2013 1055 2088 j

253 2097 352 2174 tium,
380 2098 544 2159 beatitudo
567 2099 788 2174 regnantium,
817 2097 920 2158 forma
942 2115 1012 2159 om·
1054 2099 1056 2119 ¹

253 2194 344 2255 nium
372 2204 405 2256 te
434 2196 660 2273 sequentium,
689 2214 784 2275 quam
813 2196 923 2257 viliter
950 2214 1012 2273 pro
1053 2179 1056 2218 ³

253 2310 305 2353 me
334 2293 499 2369 tractaris,
527 2311 623 2370 quam
654 2293 807 2355 ferociter
834 2294 1011 2371 torqueris,

253 2406 348 2467 quam
372 2390 483 2451 multis
506 2391 755 2452 confusionibus
775 2392 855 2452 loris
871 2392 1009 2469 repleris
1055 2379 1056 2408 ¹

216 2497 285 2547 aoet
314 2505 409 2564 quam
438 2488 661 2550 indicibilibus
689 2489 805 2566 poenis
826 2490 915 2550 intus
936 2506 1010 2566 per·
1055 2471 1056 2510 i

254 2585 411 2662 funderis,
433 2595 467 2646 ut
488 2586 528 2646 ab
543 2595 675 2647 aeterna
690 2586 884 2648 confusione
906 2587 939 2646 in
961 2587 1010 2646 in-

254 2683 420 2743 iemorum
457 2683 602 2744 cruciatu
639 2701 692 2744 me
723 2685 885 2761 eriperes,
920 2693 955 2744 ut
991 2702 1010 2744 a

252 2780 405 2840 vitiorum
428 2781 577 2841 sentibus
600 2798 787 2842 cormeum
810 2798 1010 2858 expurgares

252 2889 284 2938 et
302 2876 566 2939 immarcescibili
581 2879 684 2956 gloria
700 2881 871 2940 ethonore
888 2878 921 2939 in
937 2896 1010 2939 cae-

216 2976 389 3038 aslestibus
411 2993 595 3037 coronares.

293 3075 402 3136 Laudo
432 3085 463 3136 et
492 3075 673 3135 honorilico
702 3085 734 3136 te
763 3092 821 3151 pro
848 3074 903 3134 illa
924 3075 1011 3135 deri·

252 3171 339 3230 soria
360 3172 554 3234 salutatione
576 3182 608 3233 et
631 3172 711 3232 falsa
739 3172 927 3233 adoratione
950 3173 1009 3234 tibi

252 3269 413 3345 exhibita,
455 3270 584 3347 quando
626 3270 767 3330 ministri
805 3269 1010 3330 crudelitatis

252 3367 346 3428 flexis
374 3377 448 3428 ante
477 3377 509 3428 te
537 3367 675 3445 genibus
700 3367 797 3427 duras
819 3367 928 3444 alapas
950 3367 1009 3428 tibi
1053 3366 1054 3439 l

215 3464 421 3541 aodederunt,
443 3475 655 3542 aspernanter
672 3464 888 3526 adoraverunt
911 3473 1009 3542 atque

253 3562 376 3623 ironice
399 3580 506 3640 regem
526 3564 726 3640 appellantes
742 3563 934 3624 irreverenti
952 3581 1009 3624 ore

616 3669 643 3709 aa
