2194 4180
153 420 217 486 ‘³²¹'
235 417 432 512 gfff&
456 407 867 522 muaffl

122 609 156 661 et
183 599 313 659 veniam
342 599 488 660 omnium
517 608 725 676 peccatorum
755 598 788 658 in
817 599 878 658 hac

122 696 384 774 peregrinatione
412 697 592 775 promereri
621 713 680 774 per
707 694 823 757 merita
846 705 878 756 et

91 785 94 790 ’
122 795 288 855 orationes
297 795 524 856 sanctissimae
535 794 648 855 matris
663 803 737 855 tuae
753 793 878 853 Mariae

122 903 156 955 et
177 893 322 954 omnium
345 902 532 953 sanctorum
554 901 702 968 tuorum,
731 891 786 968 qui
809 908 878 951 sae·

122 991 259 1068 pissime
282 991 444 1052 lleverunt
465 1007 523 1066 pro
546 1006 582 1050 se
611 998 644 1050 et
671 988 744 1048 aliis
767 987 878 1049 multis
901 1007 914 1048 s

122 1088 156 1148 in
178 1090 238 1149 hac
260 1085 345 1148 vall'e
366 1087 573 1148 lacrimarum
595 1086 718 1147 utiliter
740 1095 772 1146 et
793 1086 878 1146 fruc·

121 1195 217 1246 tuose
245 1203 286 1246 ex
307 1185 449 1246 caritate.
492 1183 522 1246 Ο
550 1183 625 1261 quis
653 1182 732 1243 mihi
759 1183 879 1244 tribuat

122 1282 241 1342 imitari
264 1284 382 1344 horum
405 1281 554 1358 exempla
569 1291 756 1342 sanctorum
779 1291 811 1342 et
832 1281 878 1342 vi-

121 1390 191 1441 tare
213 1380 318 1441 otiosa
339 1379 502 1457 colloquia
531 1379 747 1440 saecularium
770 1396 878 1439 rumo-

121 1494 194 1537 rum
216 1485 248 1536 et
270 1477 434 1537 consortia
456 1477 666 1538 ridiculorum
696 1495 733 1537 ac
755 1477 913 1538 leviumro

120 1576 324 1636 verborum?

162 1671 277 1734 Oravit
310 1675 403 1735 lesus
434 1673 467 1734 in
499 1683 627 1748 monte,
663 1673 810 1750 vigilavit
843 1674 877 1734 in

121 1781 227 1847 nocte,
250 1772 340 1833 llevit
361 1788 471 1848 saepe,
493 1787 671 1847 numquam
701 1771 773 1832 risit
794 1788 878 1832 vane

120 1884 183 1928 nec
205 1867 285 1928 dixit
301 1871 438 1930 verbum
461 1871 543 1930 leve.
573 1868 757 1930 Accusatus
778 1870 878 1930 tacuit

122 1983 231 2026 coram
263 1967 431 2044 praeside,
461 1967 591 2027 locutus
622 1975 672 2026 est
702 1965 878 2042 submisse,
889 1987 914 2028 rs
968 2011 970 2016 ,

122 2063 290 2139 respondit
312 2065 422 2142 impiis
444 2064 595 2141 benigne.

163 2159 278 2221 Oravit
308 2161 405 2222 etiarn
436 2161 541 2222 Maria
571 2170 674 2221 mater
703 2161 778 2221 lesu
809 2178 879 2221 sae-

122 2257 269 2334 pissime,
290 2258 380 2319 flevit
402 2259 435 2319 in
464 2258 617 2335 passione
646 2259 718 2319 eius
747 2258 879 2320 amaris·

122 2355 216 2433 sime,
238 2358 340 2418 doluit
361 2358 572 2436 gravissime,
600 2356 755 2417 sustinuit
777 2355 879 2415 mitis-

122 2454 224 2531 sime,
267 2456 356 2516 stetit
396 2455 477 2516 loris
511 2454 718 2530 verecunde,
760 2453 915 2514 mansitat

122 2553 211 2613 intus
233 2570 361 2614 secure.

164 2651 200 2711 In
222 2651 275 2710 via
297 2650 358 2711 luit
379 2650 557 2726 custodita,
586 2650 619 2710 in
642 2650 738 2710 domo
761 2647 880 2725 quieta.

122 2749 275 2810 Visitavit
317 2748 482 2809 Elisabeth
524 2758 668 2808 sanctam
711 2753 879 2822 cognatam

122 2864 234 2924 suam,
270 2846 422 2907 salutavit
456 2845 615 2906 humilem
652 2853 685 2905 et
719 2845 880 2917 devotam,

122 2944 269 3020 servivit,
291 2943 465 3019 oboedivit,
486 2942 653 3002 benedixit
681 2941 711 3002 ei
740 2949 773 3001 et
793 2939 916 3001 vale-25

122 3042 212 3103 dixit.
242 3041 351 3102 Rediit
372 3043 405 3103 in
422 3041 585 3102 Nazareth
601 3040 773 3102 celerrime
794 3054 880 3098 conr-

122 3141 210 3218 pleto
247 3157 346 3216 opere
378 3139 624 3200 misericordiae
659 3137 693 3198 in
724 3134 880 3196 Iohannis

122 3237 300 3299 nativitate.
350 3237 518 3313 Loquente
550 3235 625 3296 lesu
653 3234 790 3294 verbum
817 3231 878 3291 Dei

122 3337 163 3398 ad
185 3337 297 3397 turbas
320 3335 426 3396 Maria
446 3332 585 3394 advertit
607 3331 795 3408 diligenter,
825 3347 880 3390 au·

122 3435 204 3496 divit
225 3433 320 3495 valde
343 3433 499 3507 libenter,
523 3429 684 3491 intellexit
705 3428 916 3506 sapienter,ao

123 3531 258 3594 retinuit
280 3529 432 3605 firmiter,
460 3527 650 3605 recogitavit
679 3525 879 3603 frequenter,

482 3634 524 3676 ass
