2142 4172
149 639 258 700 Laudo
280 648 313 700 et
333 639 479 718 glorifico
501 647 550 715 te,
573 639 860 714 providentissime

105 738 194 813 Iesu,
215 755 273 814 pro
295 747 350 798 tua
371 739 424 814 pia
438 737 635 798 allocutione
657 754 731 798 cum
748 738 861 814 egenis

103 835 324 911 piscatoribus
346 836 418 896 istis
440 852 505 895 non
532 835 726 895 habentibus
755 835 860 895 adhuc

104 942 214 993 certos
236 933 361 994 reditus
388 951 450 994 nec
478 932 680 1009 praebendas
708 931 861 992 ecclesia·

103 1031 215 1106 sticas,
237 1031 324 1091 unde
338 1030 505 1107 viverent3
527 1029 586 1090 sed
607 1030 648 1090 de
663 1029 773 1089 labore
795 1047 883 1094 ma·s

103 1145 207 1189 nuum
230 1146 364 1189 suarum
379 1128 566 1189 necessaria
586 1127 672 1188 vitae
695 1126 756 1186 sibi
773 1127 861 1187 licite

103 1227 332 1304 procurabant,
353 1243 395 1286 ne
417 1225 490 1285 aliis
511 1226 545 1285 in
567 1225 707 1301 petendo
729 1225 860 1286 onerosi

104 1334 219 1385 essent
240 1333 295 1384 aut
316 1325 356 1385 de
379 1324 444 1384 otio
459 1340 520 1383 suo
535 1323 793 1383 scandalizarent
813 1323 861 1383 in-

104 1420 228 1480 firmos.
271 1421 459 1482 Subvenisti
482 1437 570 1497 ergo,
598 1421 683 1481 bone
706 1421 798 1496 lesu,
826 1421 860 1480 in

102 1519 302 1580 necessitate
317 1519 371 1579 tali
387 1518 586 1595 pauperibus
596 1519 662 1579 tuis
673 1518 859 1595 quaerendo
872 1542 896 1584 ro

102 1616 144 1675 ab
176 1615 242 1690 eis,
272 1616 300 1676 si
331 1617 476 1677 edulium
508 1617 593 1692 apud
624 1633 661 1677 se
692 1617 860 1692 haberent,

103 1713 319 1774 amicabiliter
339 1713 536 1774 sciscitando
559 1714 598 1773 de
627 1712 859 1789 pulmentario:

105 1810 220 1885 Pueri,
241 1812 400 1888 numquid
421 1811 674 1888 pulmentarium
705 1810 860 1871 habetis?

104 1908 374 1983 Responderunt:
405 1909 490 1970 Non.
539 1908 657 1968 Brevis
689 1906 859 1984 responsio

103 2022 214 2065 coram
237 2005 459 2081 omnipotente
483 2005 623 2065 Domino
645 2004 771 2064 sciente
793 2021 860 2064 om·
873 2023 897 2064 rs

103 2101 159 2161 nia
181 2102 226 2161 ab·
242 2111 391 2177 aeterno,
422 2101 474 2161 cui
504 2118 601 2161 omne
630 2117 686 2161 cor
713 2110 800 2176 patet
828 2110 860 2160 et

103 2207 269 2258 secretum
292 2208 324 2260 et
346 2199 502 2276 quidquid
524 2199 558 2258 in
580 2198 658 2258 navi
684 2207 752 2258 erat
773 2206 805 2258 et
826 2197 859 2256 in

104 2295 187 2356 mari
207 2305 304 2356 natat.
333 2297 492 2358 Misertus
514 2313 550 2356 es
566 2312 653 2372 ergo,
673 2296 759 2356 bone
775 2295 861 2369 Iesu,

105 2394 285 2470 paupertati
302 2411 415 2455 eorum
432 2395 516 2454 sicut
527 2395 689 2471 quondam
702 2392 858 2453 esurienti

104 2493 218 2552 turbae
249 2492 282 2551 in
313 2492 443 2553 deserto
480 2491 652 2552 consilium
688 2491 793 2551 dando
828 2500 897 2551 etoo

104 2587 262 2649 auxilium
285 2589 533 2650 oboedientibus
555 2589 611 2649 tibi
639 2587 735 2647 citius
763 2586 860 2646 unico

104 2687 217 2747 verbo.
265 2686 350 2748 Cum
381 2687 467 2747 bona
498 2704 574 2764 ergo
606 2686 669 2746 lide
700 2695 860 2762 ponentes

104 2801 199 2860 spem
221 2784 255 2845 in
278 2786 360 2860 Deo,
381 2801 448 2844 non
470 2784 503 2844 in
526 2793 678 2859 anesus,
700 2783 861 2844 miserunt

104 2899 259 2959 sagenam
282 2865 315 2942 in
330 2882 496 2942 dexteram
518 2882 638 2959 navigii
660 2882 749 2942 iuxta
769 2899 860 2958 prae-

104 2988 237 3055 ceptum
265 2980 398 3041 Domini
428 2980 543 3040 stantis
566 2979 598 3040 in
628 2980 722 3040 litore
751 2980 897 3057 maris,2s

105 3076 163 3154 qui
185 3077 259 3153 plus
280 3078 433 3139 omnibus
448 3077 578 3138 iuvabat
593 3094 651 3138 eos
665 3077 776 3138 verbis
791 3079 861 3138 suis

104 3175 180 3237 sine
202 3175 312 3234 remis.
343 3174 381 3234 Et
403 3190 481 3234 ecce
504 3174 578 3233 lesu
592 3174 664 3233 iam
687 3174 861 3235 auxiliante

105 3273 241 3349 impleta
268 3281 319 3332 est
341 3288 461 3348 sagena
488 3271 621 3331 illorum
645 3281 733 3332 tanta
754 3272 861 3332 multi-

104 3369 219 3430 tudine
241 3369 391 3447 piscium,
413 3370 498 3446 quod
526 3386 592 3429 non
613 3370 765 3430 valebant
792 3379 861 3431 rete

105 3468 236 3528 trahere
259 3468 297 3528 ad
319 3475 448 3526 terram.
477 3464 578 3526 Tanta
599 3476 675 3527 sunt
690 3467 774 3527 dona
789 3467 898 3543 Dei‚³o
965 3483 967 3487 ’

106 3565 194 3642 quod
216 3565 377 3626 excedunt
399 3563 487 3624 vires
509 3565 678 3625 humanas.

465 3670 506 3712 315
