2142 4172
263 733 534 812 [CAPITVLVM
557 731 674 808 xlm]

89 885 139 944 De
147 881 352 959 apparitione
360 880 478 942 Christi
488 897 595 942 coram
604 884 717 940 sancto
729 877 846 939 Thomu

213 980 361 1056 apostolo
383 979 417 1039 in
441 983 556 1040 octavo
574 979 726 1055 paschae.

90 1101 340 1322 &medico
360 1168 392 1218 et
406 1157 525 1235 gratias
540 1174 599 1235 ago
614 1156 683 1233 tibi,
706 1155 847 1216 Domine

225 1256 299 1317 lesu
315 1256 460 1332 Christe,
475 1265 588 1316 auctor
601 1256 698 1330 vitae,
717 1255 870 1332 largitor⁵

89 1355 219 1430 veniae,
235 1355 364 1416 infusor
377 1355 508 1432 gratiae,
524 1354 705 1431 promissor
720 1353 847 1412 futurae

88 1452 213 1531 gloriae
244 1471 318 1514 cum
347 1453 469 1513 sanctis
497 1452 622 1529 angelis
652 1451 685 1511 in
716 1460 848 1511 aeterna

89 1549 308 1626 beatitudine,
332 1568 390 1627 pro
412 1558 467 1609 tua
487 1549 627 1626 benigna
647 1548 847 1625 apparitione

91 1665 201 1708 coram
224 1648 376 1709 omnibus
391 1647 546 1724 apostolis
567 1647 633 1707 tuis
647 1646 761 1707 iterata
775 1646 847 1706 vice

90 1755 265 1822 praesente
293 1745 357 1805 iam
386 1746 532 1822 apostolo
560 1754 617 1805 tuo
642 1743 767 1804 Thoma
795 1744 884 1803 ad·¹⁰

91 1846 158 1904 huc
186 1843 351 1904 dubitante
379 1843 419 1902 ad
441 1842 688 1902 confortandum
717 1860 791 1903 eum
814 1842 847 1902 in

91 1957 172 2001 vera
186 1949 218 2001 et
233 1951 320 2001 recta
335 1941 398 2001 ilde
413 1950 468 2001 tua
481 1958 541 2018 per
555 1941 662 2001 visum
681 1949 713 2000 et
726 1950 847 2000 tactum

87 2037 225 2115 'gloriosi
256 2040 402 2114 corporis
430 2039 475 2100 tui
506 2039 651 2116 quinque
674 2038 847 2098 vulnerum

91 2146 223 2197 tuorum
259 2136 361 2197 sacris
396 2137 600 2214 stigmatibus
637 2134 779 2196 decorati
815 2134 848 2194 in

92 2233 284 2295 memoriam
313 2235 552 2295 sacratissimae
580 2232 744 2311 passionis
774 2242 885 2293 tuae1⁵

91 2349 152 2408 pro
174 2340 285 2393 nostra
306 2333 420 2394 salute.

135 2426 245 2486 Laudo
276 2435 307 2486 et
338 2427 518 2487 honorifico
549 2437 580 2488 te
609 2445 667 2505 pro
694 2430 850 2506 gaudiosa

93 2523 288 2584 salutatione
319 2533 374 2584 tua
408 2534 440 2585 et
470 2534 580 2601 aperta
611 2525 738 2586 visione
774 2545 847 2588 cum

93 2621 227 2681 caelesti
262 2622 510 2699 benedictione,
551 2641 615 2700 qua
654 2624 848 2686 benedixisti

93 2718 251 2796 apostolis
266 2719 331 2780 tuis
350 2737 407 2780 ore
422 2731 534 2780 sancto
550 2730 605 2780 tuo
621 2731 653 2781 et
668 2722 751 2783 laeta
766 2722 848 2782 facie
858 2735 885 2776 ao

94 2817 209 2877 dicens
237 2817 302 2878 eis:
333 2818 399 2878 Pax
420 2818 514 2878 vobis
543 2818 596 2878 hic
621 2819 707 2879 etin
730 2820 848 2881 futuro.

95 2915 192 2976 Nunc
207 2915 339 2992 quidem
355 2916 519 2992 perfidem
532 2925 564 2977 et
578 2916 723 2994 gratiam,
737 2927 850 2994 postea

95 3030 174 3073 vero
205 3031 264 3089 per
293 3015 437 3091 speciem
468 3024 500 3075 et
530 3017 648 3076 claram
678 3016 849 3076 visionem.

96 3110 188 3170 Sicut
205 3111 317 3172 dilexit
338 3130 391 3172 me
409 3113 515 3188 Pater,
536 3122 568 3173 et
587 3130 647 3190 ego
667 3113 765 3190 diligo
780 3130 849 3173 vos.

96 3208 229 3268 Manete
251 3208 284 3268 in
307 3208 481 3270 dilectione
503 3226 576 3269 mea
595 3219 627 3269 et
641 3219 886 3286 perseveratezs

95 3322 243 3382 mecum,
271 3315 303 3366 et
324 3308 463 3367 manebo
484 3306 653 3367 vobiscum
683 3308 736 3368 hic
762 3307 848 3367 etin

95 3413 275 3464 aeternum.

138 3502 247 3562 Laudo
269 3512 302 3562 et
319 3502 465 3580 glorifico
480 3512 522 3578 te,
545 3504 619 3563 lesu
636 3503 780 3578 Christe,
802 3520 850 3563 re-

95 3600 240 3660 verende
270 3600 425 3677 magister
454 3609 486 3660 et
515 3601 672 3676 Domine,
707 3619 765 3677 pro
796 3610 850 3661 tua

138 3705 377 3747 ibommK.Med.
463 3704 504 3746 289
721 3707 746 3747 19
