2152 4174
242 609 303 668 bus
326 608 401 668 Iesu
430 609 676 670 confortativam
708 611 914 670 dulcedinem
949 628 999 671 ca-

242 704 312 780 pias
342 714 374 765 et
401 715 531 782 gusteS,
560 707 712 784 quoniam
740 725 841 769 suave
867 718 918 768 est
940 726 999 784 pro

242 802 376 863 nomine
397 814 509 864 sancto
532 804 604 865 eius
626 805 855 866 contumeliam
878 805 944 881 pati
967 814 1000 865 et

242 901 425 976 pronihilo
448 903 637 978 computari.
678 904 769 981 Elige
791 903 874 978 apud
897 911 1000 963 temet

219 998 349 1074 sipsum
372 999 463 1059 solus
494 1001 656 1078 habitare,
685 1001 904 1062 distractionis
933 1019 1000 1061 ma-

242 1096 356 1158 teriam
373 1115 533 1175 resecare,
550 1100 707 1161 solacium
730 1100 763 1160 in
785 1116 883 1159 cruce
901 1116 1000 1176 quae-

243 1211 326 1270 rere,
348 1196 550 1256 sensualitati
569 1197 735 1274 resistere,
757 1214 873 1258 cavere
895 1197 1000 1257 offen·

243 1291 365 1367 dicula,
393 1293 432 1352 ad
461 1293 570 1353 inania
596 1312 661 1355 non
684 1295 791 1355 statim
814 1312 1000 1370 erumpere,

242 1391 282 1450 de
311 1407 376 1449 non
405 1391 643 1465 pertinentibus
674 1394 713 1453 ad
744 1404 776 1454 te
805 1393 920 1468 silere,
952 1393 1001 1454 in-

209 1508 232 1549 io
243 1497 335 1548 terna
368 1489 453 1548 bona
488 1491 627 1551 sollicite
663 1508 869 1552 conservare.
924 1491 999 1551 Non

242 1587 330 1647 enim
369 1589 463 1649 decet
500 1588 644 1664 passioni
682 1589 824 1649 deditum
862 1589 999 1648 dissolvi

243 1704 302 1762 per
323 1687 443 1763 risum3
471 1697 503 1747 et
532 1687 750 1764 irreligiosum
773 1696 823 1747 est
845 1687 1000 1746 incedere

243 1785 315 1845 sine
342 1785 498 1862 gravitate
527 1802 665 1846 morum.
708 1786 799 1845 Haec
827 1784 938 1844 omnia
965 1785 999 1844 in

244 1881 401 1944 Crucilixi
431 1882 601 1943 discuntur
623 1883 792 1958 passione,
820 1891 853 1941 et
874 1882 1001 1957 beatuS,

208 1979 298 2056 isqui
330 1978 363 2039 in
392 1996 431 2039 ea
460 1979 651 2040 exercitium
680 1997 776 2040 suum
799 1979 1000 2040 cotidianum

244 2078 366 2138 fundat.
418 2077 500 2136 Nam
533 2078 652 2138 ceteris
682 2095 759 2154 prae
790 2077 1001 2138 consortibus

243 2174 296 2234 hic
325 2173 488 2233 salubrius
516 2174 665 2249 proficiet
699 2185 732 2235 et
766 2176 806 2236 de
839 2175 1001 2236 fructibus

242 2271 320 2348 ligni
351 2270 437 2331 vitae
468 2272 635 2347 comedet,
666 2273 753 2333 unde
782 2273 936 2349 gaudebit
966 2273 1000 2332 in

243 2379 447 2445 perpetuum.

205 2487 233 2529 ao
285 2466 441 2542 Respice,
464 2466 671 2527 sanctissime
694 2469 800 2544 Pater,
822 2469 856 2529 in
883 2470 1001 2530 faciem

245 2563 370 2626 Christi
393 2564 456 2638 tui,
485 2581 543 2640 pro
565 2581 618 2624 me
639 2565 813 2640 pendentis
835 2565 868 2625 in
892 2583 1002 2641 cruce,

244 2671 314 2722 esto
331 2660 503 2736 placabilis
524 2661 604 2721 mihi
620 2663 782 2738 peccatori
798 2663 911 2724 multis
926 2682 1000 2740 pec·

244 2769 388 2819 catorum
411 2759 550 2820 nexibus
572 2760 713 2836 implexo
736 2762 776 2821 ob
796 2761 916 2821 eximia
934 2779 1000 2822 me·

245 2857 305 2917 rita
326 2856 484 2933 unigeniti
507 2858 553 2917 tui
576 2858 678 2918 clavis
693 2858 811 2919 conlixi
835 2860 999 2937 rubroque

207 2955 403 3032 assanguine
425 2956 578 3030 respersi.
616 2957 689 3032 lpse
706 2958 792 3017 enirn
808 2958 1000 3018 vulneratus

245 3061 295 3113 est
329 3061 461 3127 propter
491 3052 679 3130 iniquitates
712 3071 803 3114 meas
833 3055 1000 3130 delendas,

244 3151 315 3226 ipse
337 3149 515 3210 satisfaciet
536 3151 593 3211 tibi
616 3169 675 3227 per
697 3152 822 3227 omnia,
850 3152 922 3228 ipse
951 3170 1000 3212 re·

244 3248 416 3325 spondebit
447 3248 504 3308 tibi
535 3266 593 3325 pro
622 3266 685 3310 me.
735 3250 844 3326 Ipsum
875 3252 916 3311 do
946 3252 999 3311 ob·

245 3347 366 3422 sidem,
397 3346 504 3422 ipsum
536 3346 620 3423 eligo
651 3348 842 3407 advocatum
879 3365 998 3422 meum,

206 3444 352 3520 soipsum
375 3445 586 3504 mediatorem
609 3444 792 3520 interpono,
815 3445 923 3521 ipsum
947 3445 999 3504 de-

248 3543 412 3602 fensorem
428 3559 486 3618 pro
502 3559 575 3602 mea
589 3558 688 3601 causa
702 3541 862 3618 relinquo.
892 3542 999 3604 Omne

607 3645 645 3686 na
