2144 4168
376 472 494 514 Adnotatio
511 473 596 514 critice.

107 625 151 700 et)
173 638 242 682 sm.
283 639 310 681 er
331 624 490 698 agendum
512 621 532 689 Ε.
573 639 601 680 so
623 622 686 682 Pro
718 639 781 681 om.
803 638 864 697 ago

106 704 180 764 add.
203 706 303 781 refero
331 712 443 780 apost
466 701 605 773 Christe,
637 702 648 769 ξ
678 711 752 779 post
782 718 864 762 reve·

107 785 222 844 rentiu.
270 786 327 858 27,
348 799 361 841 ⁷
382 788 415 843 et
442 783 513 860 (pro
535 785 587 860 ac)
607 782 717 850 *nal
761 798 786 840 ιο
806 787 866 842 aut

106 865 180 940 (pro
202 865 253 941 aa)
275 863 333 924 εΣ.
373 880 394 921 ιι
419 880 584 939 magorum
605 879 644 923 aa
664 862 735 939 (pro
758 879 864 938 regum

106 945 218 1021 atque)
245 967 270 1020 γ.
332 960 357 1001 rs
386 944 574 1004 comittante
604 944 746 1013 aelli,
781 959 864 1002 com·

108 1025 259 1084 mittente
294 1040 325 1092 a.
378 1040 402 1081 ιι
433 1024 534 1098 magis
567 1024 638 1100 (pro
674 1023 809 1098 regibus)
839 1045 863 1098 γ.

109 1122 134 1162 15
176 1105 210 1243 ig
248 1109 405 1180 perpetua
442 1103 535 1172 a*p.
599 1121 624 1162 ro
655 1103 756 1163 Amen
792 1103 863 1162 add.

106 1186 167 1239 ba
212 1229 219 1244 .

171 1299 264 1376 [Cap.
296 1299 380 1376 Xll.]
439 1315 463 1357 19
495 1298 573 1358 Post
604 1297 865 1373 praesentatione

106 1379 180 1439 add.
205 1380 301 1454 pueri
327 1382 385 1454 γδ,
416 1387 490 1455 post
519 1379 591 1437 lesu
618 1378 689 1438 add.
718 1378 806 1437 cristi
830 1381 863 1449 ol,

106 1460 219 1520 christi
235 1460 294 1530 ii,
323 1460 357 1519 in
379 1459 533 1534 templum
553 1482 585 1534 γ,
615 1459 649 1518 ἰη
671 1459 789 1533 templo
811 1457 863 1517 to.

105 1557 135 1598 25
161 1539 234 1599 sicli
262 1544 347 1610 tun,
379 1539 451 1600 cicli
481 1541 518 1609 lu,
550 1539 646 1614 cyclis
675 1554 701 1597 o.
743 1556 770 1596 29
799 1555 863 1614 quo

106 1621 180 1695 (pro
209 1620 278 1696 qui)
304 1620 370 1694 rb,
405 1635 471 1695 qua
494 1634 540 1677 m.
587 1622 644 1694 28,
673 1635 698 1676 ιι
725 1619 863 1679 Domino

107 1701 175 1760 Deo
211 1715 281 1759 meo
315 1698 399 1766 sitq.
455 1716 529 1774 mun
567 1699 643 1758 beer
674 1700 755 1758 ende
789 1715 863 1774 myn

104 1781 171 1856 god
191 1779 254 1850 *r;
285 1779 457 1839 retribuisti
469 1784 478 1815 ¹
505 1803 524 1836 t:
549 1788 679 1854 praeter
699 1780 863 1842 aarum.

108 1878 135 1918 15
157 1860 246 1920 Inter
267 1859 347 1919 milii
375 1869 407 1920 et
430 1858 457 1920 0
482 1860 516 1920 in
538 1861 571 1914 B
592 1864 658 1919 est:
680 1858 766 1936 Quid
786 1860 864 1918 dare

102 1956 238 2016 possum
263 1956 392 2015 pauper
414 1944 447 1999 et
473 1940 568 2015 inops
584 1944 737 2015 peccator
754 1944 787 1998 et
807 1939 863 1999 mi-

105 2020 255 2080 serabilis
285 2020 457 2080 homuncio
489 2019 553 2080 nisi
582 2036 696 2095 corpus
731 2024 763 2079 et
793 2019 863 2078 ani-

107 2116 196 2160 mam
218 2099 277 2160 tibi
298 2101 417 2174 integre
439 2098 653 2175 resignando?
684 2116 717 2158 15.
738 2117 763 2158 ro
782 2103 865 2158 esset

107 2180 190 2240 mini
219 2203 244 2256 γ.
296 2196 321 2238 1o
351 2181 494 2255 peccatis
529 2181 607 2240 meis
641 2179 811 2240 abluendis
837 2202 862 2255 γ.

107 2276 133 2318 17
162 2276 260 2335 quam
293 2259 364 2330 εΣ,
400 2261 517 2335 quasi²
548 2261 623 2337 rel.;
658 2259 863 2320 commisissis

106 2341 190 2406 eia.
231 2357 259 2398 es
280 2344 371 2400 tuum
391 2345 539 2400 sanctum
561 2340 582 2407 Ε.
623 2343 674 2416 29,
697 2357 721 2398 ιο
738 2355 862 2415 pemer-

105 2420 236 2480 sitatem
258 2422 299 2478 B.
336 2437 357 2478 11
380 2421 599 2496 duritiamque
620 2423 660 2478 B.
691 2425 862 2480 1smemet-

106 2501 213 2576 ipsum
228 2504 280 2571 al,
303 2499 457 2575 meipsam
471 2515 517 2559 m.
548 2517 572 2558 ιε
589 2517 650 2576 pro
671 2500 756 2576 (loeo
772 2501 822 2577 de)
838 2502 862 2557 δ.

104 2597 131 2638 21
153 2584 186 2640 et
197 2579 268 2656 (pro
279 2580 440 2655 etiam)A.
461 2597 496 2638 m.
508 2595 535 2637 as
549 2581 709 2656 duplicem
722 2580 863 2640 scilicet⁸

107 2659 297 2720 coniectura
318 2660 492 2720 admodum
515 2661 673 2736 probabili
693 2659 863 2736 proposuit

107 2741 205 2817 Hugo
229 2741 376 2816 Husten,
406 2741 559 2800 alumnus
580 2741 743 2818 quondam
766 2740 862 2800 disci-

105 2821 216 2897 plinae
238 2837 332 2880 meae
352 2821 543 2880 carissimus
558 2821 862 2898 pientissimusque,

105 2918 195 2960 nune
227 2910 334 2960 rector
364 2899 674 2978 Grunewaldensis3
703 2901 863 2977 duplicem

105 2997 171 3041 om.
193 2981 242 3052 Α,
272 2981 395 3041 seilicet
421 2998 484 3041 om.
511 2983 553 3040 B.
600 2998 627 3040 eo
655 2986 687 3041 et
712 2981 783 3058 (pro
811 2981 862 3057 ac)

168 3209 177 3238 1
192 3208 216 3250 111
228 3207 395 3252 Communione
405 3211 508 3263 liturgiae
518 3223 594 3252 sterne
604 3220 650 3252 est:
668 3212 725 3260 Quid
739 3199 862 3252 retribuam

104 3264 201 3304 Domina
212 3275 257 3313 pro
271 3265 378 3315 amnibus,
391 3277 446 3315 quae
461 3266 565 3305 retribuit
579 3265 650 3305 milit

166 3333 177 3362 ¹
191 3332 282 3399 Syllaba¹
295 3336 316 3399 Ιεἰ
329 3347 400 3399 ¹aeque
414 3337 489 3389 inepte
504 3336 578 3377 additu
592 3344 627 3378 est
641 3344 706 3390 etque
720 3338 744 3378 in
759 3337 861 3378 eiusdem

104 3400 189 3429 versus
203 3400 351 3429 commisissis.

169 3459 178 3487 ³
191 3457 262 3500 Verba
276 3449 385 3510 duplicem
402 3461 485 3500 seilicet
502 3461 667 3510 simplieitatem
681 3462 861 3504 antecedentibus

103 3526 128 3555 v.
146 3511 170 3553 17
182 3515 294 3563 neminum
306 3515 388 3554 seilicet
402 3515 585 3563 compunctionem
599 3515 629 3556 ita
643 3517 788 3569 respondent,
803 3523 826 3556 ut
840 3521 861 3555 et

102 3567 216 3618 peninum
231 3576 251 3608 et
263 3568 371 3617 duplicem
381 3567 538 3608 additamentis
549 3570 696 3621 sequentibus
706 3570 860 3623 expiarentur.

465 3657 502 3697 421
598 3659 601 3663 ’
