2142 4172
87 654 225 729 prandio
247 663 280 714 et
301 653 413 714 sociali
437 653 598 729 convivio,
620 657 705 732 quod
728 657 846 732 parasti

87 753 218 813 dilectis
241 753 411 829 discipulis
439 751 505 811 tuis
534 760 607 827 post
635 752 772 812 multum
803 754 846 812 la-

87 852 204 910 borem
225 851 259 911 in
278 850 434 927 piscando
451 849 591 926 fatigatis
606 849 773 911 invitando
789 868 846 910 eos

88 947 130 1006 ad
152 947 376 1023 prandendum
399 957 432 1008 et
446 947 661 1008 ministrando
683 948 732 1008 eis
747 967 845 1009 manu

88 1055 146 1107 tua
167 1064 284 1122 panem
300 1064 357 1108 ore
372 1056 428 1107 tuo
442 1045 651 1106 benedictum
674 1056 706 1106 et
720 1047 870 1122 piscems

89 1144 245 1206 similiter
258 1145 333 1223 igne
348 1153 503 1219 assatum,
525 1143 658 1204 caritate
674 1144 847 1220 fervidum,

89 1243 228 1320 spiritali
265 1244 398 1305 dulcore
433 1243 522 1303 intus
557 1258 760 1318 saporosum.
816 1241 845 1302 O

89 1359 189 1418 quam
221 1341 360 1402 dulciter
390 1341 535 1418 sapiebat
566 1340 621 1400 ille
652 1339 762 1416 cibus,
792 1339 846 1399 ubi

91 1441 187 1500 lesus
211 1440 271 1500 tuit
293 1457 419 1517 coquus
441 1448 473 1499 et
494 1437 645 1499 minister
659 1454 794 1497 mensae
816 1447 848 1497 et

90 1537 334 1598 refectorarius,
860 1558 884 1598 ro

134 1636 173 1695 Et
194 1635 272 1712 quid
287 1635 392 1694 dicam
413 1634 580 1710 amplius?
608 1634 695 1694 Vere
709 1634 847 1692 multum

91 1733 272 1793 iucundum
296 1732 356 1792 luit
371 1733 433 1792 hoc
450 1731 647 1807 convivium,
669 1731 755 1808 quod
771 1739 848 1790 tunc

90 1830 206 1890 habuit
237 1831 331 1890 lesus
366 1847 440 1890 cum
472 1829 642 1905 discipulis
673 1829 760 1905 suiS,
791 1829 848 1889 sed

91 1928 196 1988 multo
218 1927 444 2003 excellentius,
469 1927 598 2004 dignius
620 1937 652 1988 et
674 1927 849 1988 iucundius

91 2034 145 2086 est
166 2042 295 2085 sacrum
324 2024 512 2085 convivium
541 2025 675 2100 pretiosi
703 2024 885 2100 corporisrs

91 2131 125 2182 et
147 2122 317 2200 sanguinis
346 2122 435 2197 eius,
466 2122 552 2198 quod
584 2121 702 2182 cotidie
734 2122 767 2180 in
798 2138 849 2181 ec-

92 2221 195 2282 clesia
217 2221 409 2296 celebratur,
431 2220 465 2280 in
487 2237 551 2296 quo
580 2220 652 2296 ipse
675 2219 768 2278 lesus
797 2236 850 2277 su-

92 2319 194 2379 mitur
215 2328 247 2379 et
269 2335 335 2378 non
357 2317 578 2392 consumitur,
607 2317 763 2376 recolitur
784 2332 850 2376 me-

92 2418 198 2479 moria
219 2417 382 2496 passionis
404 2417 486 2492 eiua,
509 2433 605 2493 quam
622 2413 777 2474 sustinuit
792 2432 849 2490 pro

92 2513 247 2574 omnibus
269 2514 374 2590 nobis,
396 2531 491 2574 mens
512 2513 666 2589 impletur
687 2511 788 2588 gratia
805 2507 886 2571 'exao

92 2611 279 2687 praesentia
308 2611 383 2670 Iesu
414 2610 447 2670 in
479 2609 587 2669 cordis
618 2608 736 2684 iubilo,
767 2627 850 2686 quae

92 2708 184 2768 arida
205 2718 255 2769 est
276 2719 308 2769 et
331 2708 446 2786 lrigida
468 2726 566 2785 saepe
589 2708 621 2768 in
644 2716 749 2767 semet
770 2707 850 2784 ipsa.

93 2807 160 2867 Sed
182 2815 215 2866 et
237 2807 364 2867 futurae
386 2805 508 2882 gloriae
530 2806 648 2883 pignus
670 2806 763 2866 datur
784 2805 850 2865 ani-

93 2919 167 2962 mae
189 2903 326 2964 devotae
348 2903 381 2963 in
404 2904 466 2963 hoc
489 2920 581 2963 sacro
611 2902 762 2962 convivio
792 2920 849 2978 pro

93 3001 217 3062 solacio
240 3010 272 3062 et
293 3002 493 3063 nutrimento
516 3000 694 3078 spiritualis
709 3000 794 3059 vitae
817 3000 886 3060 inas

93 3102 156 3160 hac
167 3099 439 3177 peregrinatione,
455 3100 559 3159 donec
571 3098 726 3160 Christus
741 3097 850 3157 veniat

93 3206 127 3259 et
148 3197 285 3274 accipiat
307 3215 377 3257 eam
401 3197 439 3257 ad
462 3214 498 3256 se
521 3198 561 3257 de
583 3195 671 3256 omni
688 3194 797 3254 labore
819 3201 851 3252 et

93 3295 207 3355 dolore
229 3295 413 3371 praesentis
441 3294 594 3355 miseriae
622 3293 655 3353 in
685 3301 849 3352 aeternam

93 3393 243 3471 requiem
266 3412 340 3454 cum
362 3393 435 3453 istis
456 3392 578 3452 sanctis
594 3391 763 3468 discipulis
778 3389 850 3449 eius

92 3491 128 3551 in
155 3490 287 3551 domum
312 3491 418 3551 Patris
446 3490 515 3566 sui,
546 3489 600 3549 ubi
631 3507 697 3550 non
729 3487 887 3551 esuriatso

92 3606 203 3666 neque
234 3589 338 3664 sitiat,
373 3589 432 3670 sed
464 3605 538 3648 cum
570 3604 609 3646 eo
644 3586 782 3663 gaudeat
817 3583 849 3643 in

136 3691 376 3735 maroneo.
457 3691 496 3734 321
716 3689 740 3730 21
