2194 4180
129 420 873 532 Qfflmafflffi

123 609 262 669 cervical
285 609 417 686 capitis,
445 627 503 687 pro
525 627 590 686 quo
619 611 731 672 habuit
752 620 876 673 sertum

123 709 164 768 de
179 709 283 784 spinis
298 708 412 768 acutis.
443 707 517 768 Non
540 707 652 767 habuit
666 708 879 769 calciamenta

122 806 157 865 in
191 805 329 882 pedibus
371 821 432 865 nec
475 804 680 864 chirothecas
722 822 876 882 umquam

121 901 223 977 gessit
245 901 278 964 in
307 901 475 976 manibus,
506 901 564 962 sed
595 918 653 977 pro
684 901 737 962 his
767 903 877 962 clavos

121 998 267 1075 suscepit
299 997 425 1058 ferreos
456 1015 587 1058 carnem
619 1008 651 1058 et
679 1016 754 1058 ossa
779 1016 900 1076 pene-s

121 1107 255 1158 trantes.
285 1096 360 1156 Non
382 1095 495 1156 habuit
517 1095 550 1155 in
572 1105 660 1156 tanta
681 1096 876 1157 necessitate

121 1195 174 1254 vel
197 1211 299 1254 unum
321 1193 526 1268 servitorem,
556 1194 615 1253 sed
636 1194 769 1271 pertulit
790 1194 878 1254 iuxta

122 1311 160 1354 se
175 1309 367 1370 perversum
385 1292 547 1368 quendam
563 1291 719 1366 vicinum,
740 1291 875 1367 impium

120 1390 249 1451 scilicet
270 1391 429 1451 latronem
451 1405 568 1465 graves
583 1389 799 1450 contumelias
814 1390 875 1449 sibi

120 1487 329 1549 inferentem.
355 1487 489 1547 Nullum
501 1486 613 1546 habuit
628 1486 877 1563 consolatorem,
888 1509 912 1550 ιο

120 1585 181 1645 sed
217 1603 320 1661 paene
356 1602 471 1645 omnes
508 1584 650 1661 repperit
681 1585 877 1662 desertores,

120 1699 205 1758 quos
227 1683 318 1759 prius
339 1699 473 1743 mensae
495 1683 605 1743 socios
620 1683 731 1743 habuit
753 1693 785 1744 et
807 1701 876 1744 sec·

119 1789 252 1840 tatores.
286 1781 360 1840 Non
383 1780 484 1841 valuit
505 1797 637 1840 manum
660 1798 793 1842 movere
815 1800 876 1843 nec
905 1794 907 1800 ’

119 1877 238 1953 pedem
274 1895 381 1954 neque
418 1878 450 1937 in
481 1879 615 1938 alteram
647 1895 683 1938 se
714 1879 876 1940 divertere

118 1983 245 2051 partem
278 1975 317 2034 ad
349 1975 560 2034 relevandum
592 1975 644 2034 vel
683 1975 716 2034 in
747 1977 875 2036 modico
887 2001 912 2043 15

117 2073 269 2149 corporis
289 2073 340 2132 sui
359 2072 515 2132 dolorem.
546 2072 614 2132 Stat
630 2072 766 2134 firmiter
781 2074 874 2152 fixus,

118 2170 319 2246 rigidissime
331 2180 497 2247 extensus,
511 2170 705 2247 gravissime
717 2181 821 2231 tortus
831 2182 876 2232 at·

117 2285 185 2344 que
200 2268 239 2327 ab
255 2268 342 2328 omni
358 2277 448 2345 parte
464 2276 586 2328 artatus
601 2266 673 2327 sine
694 2284 781 2343 cura,
803 2269 875 2330 sine

117 2365 253 2441 auxilio,
271 2366 342 2426 sine
358 2366 490 2441 solacio,
512 2375 676 2441 tamquam
693 2375 842 2426 mortuus
857 2385 875 2426 a

117 2464 228 2524 corde.
271 2463 347 2523 Sola
377 2463 486 2540 lingua
516 2463 672 2523 remansit
703 2463 732 2523 ei
762 2464 801 2523 ad
830 2464 910 2531 lom

116 2561 286 2638 quendum
318 2560 438 2636 libera,
473 2568 508 2620 ut
538 2576 597 2635 pro
627 2559 770 2620 inimicis
805 2561 875 2620 suis

116 2669 228 2720 oraret
238 2667 271 2719 et
281 2668 406 2735 septem
420 2657 635 2717 saluberrima
649 2659 749 2718 verba
763 2668 875 2720 contra

115 2766 245 2833 septem
257 2756 406 2816 mortalia
416 2756 553 2816 crimina
568 2755 601 2815 in
613 2755 751 2816 ambone
767 2757 874 2817 crucis

115 2855 215 2915 nobis
236 2853 446 2930 praedicaret.
489 2852 554 2912 Sed
582 2869 643 2912 nec
672 2852 781 2930 lingua
802 2854 874 2914 eius

114 2952 297 3013 afflictione
313 2951 426 3025 caruit,
447 2950 523 3026 quia
539 2949 615 3010 felle
630 2960 663 3010 et
677 2961 780 3028 aceto,
797 2953 873 3012 dum
884 2971 911 3013 25

115 3049 241 3124 sitiret,
269 3048 390 3108 iniecta
419 3046 488 3107 fuit.
533 3047 634 3123 Igitur
662 3049 700 3108 ab
725 3049 791 3109 imo
820 3067 875 3126 pe·

114 3147 170 3207 dis
198 3163 303 3223 usque
333 3145 371 3206 ad
399 3144 556 3204 verticem
586 3145 701 3221 capitis
731 3156 818 3207 totus
841 3147 873 3206 in

113 3245 212 3322 aquis
227 3244 416 3322 passionum
430 3243 522 3302 lesus
538 3243 736 3319 demergitur
751 3254 782 3304 et
795 3245 874 3303 bora

113 3340 873 3417 nonainstanteclamansvocemagnamoritur.

158 3437 189 3499 Ο
212 3438 317 3514 qualis
339 3449 371 3498 et
392 3447 532 3514 quantus
555 3447 604 3497 est
633 3437 712 3514 iste,
741 3439 795 3517 qui
826 3439 910 3502 sicoo

113 3537 263 3598 clamans
281 3537 415 3612 expirat,
436 3536 470 3595 in
486 3536 580 3596 cuius
594 3536 731 3596 transitu
747 3537 872 3596 caelum

138 3638 140 3644 ·
481 3640 519 3683 na
