2152 4174
88 404 840 514 Quum&

82 592 265 652 reverenda
293 591 432 651 statione
462 602 535 652 ante
562 592 702 652 tribunal
724 591 842 651 iudicis

83 689 178 749 Pilati
194 698 384 765 monstrata,
406 690 459 750 ubi
482 700 516 750 tu
537 690 621 750 sicut
637 708 739 767 agnus
754 707 842 750 man·

8 829 9 836 κ
82 786 295 846 suetissimus
331 786 364 846 in
399 787 585 862 praesentia
616 797 840 847 accusatorum

82 892 213 943 tuorum
258 884 400 944 vinculis
445 885 593 962 alligatus
631 886 748 946 stetisti
794 886 841 945 in·

82 981 202 1041 clinato
233 982 355 1058 capite,
384 982 499 1042 defixis
528 982 702 1042 interram
727 983 864 1059 oculi8,5

82 1078 210 1152 placido
233 1080 342 1154 vultu,
371 1080 484 1155 paucis
506 1081 632 1156 verbis,
661 1098 742 1141 voce
767 1082 841 1141 sub-

82 1176 194 1252 missa,
216 1186 348 1252 paratus
363 1178 401 1237 ad
417 1178 590 1253 opprobria
605 1188 636 1238 et
651 1179 689 1238 ad
705 1179 842 1239 verbera

82 1283 263 1350 promptus.

120 1373 206 1433 Vide
218 1389 305 1432 nunc
317 1382 348 1432 et
359 1373 539 1449 considera,
551 1373 703 1450 religiose
715 1374 839 1436 Christi

82 1471 260 1547 discipule,
289 1470 427 1548 qualiter
450 1471 611 1531 Dominus
640 1479 672 1530 et
700 1472 841 1532 salvator
852 1492 876 1534 ro

81 1577 174 1642 tuus,
204 1583 261 1626 rex
290 1577 322 1627 et
350 1568 448 1628 iudex
472 1568 634 1644 omnium,
663 1569 783 1644 patitur
804 1587 840 1630 se

83 1666 164 1725 trahi
199 1666 239 1725 ad
276 1665 483 1727 iudicandum
520 1667 687 1727 subiciens
716 1684 752 1726 se
781 1669 840 1727 hu-

84 1764 204 1824 militer
232 1773 264 1824 et
293 1773 408 1840 sponte
437 1764 588 1840 potestati
613 1764 839 1841 saecularium,

85 1861 116 1921 in
158 1880 223 1939 quo
264 1861 497 1922 saluberrimae
532 1861 746 1922 subiectionis
781 1861 838 1922 tibi

85 1959 313 2033 praeformavit
336 1960 531 2035 exemplum,
556 1970 590 2020 ut
612 1959 719 2020 discas
741 1968 773 2019 et
794 1970 839 2035 tu,
852 1976 875 2017 rs

85 2058 191 2132 quiin
214 2057 327 2118 multis
348 2075 426 2118 vere
449 2056 618 2134 culpabilis
643 2075 680 2118 es
702 2058 839 2132 delictis,

84 2165 180 2215 temet
195 2155 304 2231 ipsum
320 2173 473 2216 accusare
490 2155 522 2215 in
545 2157 695 2231 capitulis
710 2173 838 2216 necnon

84 2252 242 2326 patienter
264 2253 367 2328 ferre,
389 2270 463 2312 cum
487 2253 589 2313 lucris
611 2254 650 2313 ab
672 2253 745 2313 aliis
766 2269 838 2329 pro-

84 2350 247 2410 clamatus.
303 2349 412 2411 Subde
447 2360 479 2410 te
514 2350 682 2411 humiliter
717 2350 837 2409 iudicio

84 2449 297 2522 praelatorum
334 2466 395 2508 nec
431 2448 551 2508 audeas
592 2448 746 2508 resistere
782 2463 873 2523 po·ao

83 2545 186 2605 testati
202 2564 220 2606 a
237 2546 307 2606 Deo
323 2545 528 2622 constitutae,
551 2545 577 2605 si
601 2562 723 2621 poenas
745 2554 837 2620 optas

83 2644 218 2703 evadere
241 2643 376 2719 inlerni,
399 2643 456 2703 sed
479 2660 537 2719 pro
560 2660 669 2702 amore
693 2642 767 2702 Iesu
790 2641 836 2702 in-

81 2738 162 2800 iuste
185 2741 318 2801 iudicati
342 2741 392 2801 ier
412 2741 587 2816 patienter,
609 2740 736 2800 etiamsi
759 2740 836 2816 quid

80 2854 174 2912 grave
208 2847 321 2899 contra
350 2847 382 2898 te
415 2838 512 2898 luerit
545 2837 709 2898 dictatum.
761 2838 834 2898 Non

80 2943 220 2996 transeat
250 2935 390 2996 inaniter
417 2954 435 2996 a
464 2937 561 2996 corde
589 2945 644 2996 tuo
670 2936 751 2996 mira
774 2937 871 2997 Delas

80 3034 232 3108 patientia
261 3034 346 3093 inter
373 3044 437 3094 tam
467 3035 568 3094 multa
597 3034 678 3094 falsa
699 3034 835 3095 crimina

80 3131 137 3191 sibi
162 3131 298 3191 obiecta.
328 3131 429 3208 Igitur
449 3132 488 3192 ad
511 3140 622 3191 sancta
638 3132 712 3192 Iesu
734 3132 833 3192 vincti

81 3228 215 3304 vestigia
236 3227 368 3303 procide
383 3228 512 3289 veniam
534 3228 697 3305 precando
720 3237 751 3287 et
765 3246 834 3304 gra·

8 3349 9 3356 ¹
81 3324 171 3400 tiam,
197 3334 232 3384 ut
254 3325 311 3386 tibi
333 3325 498 3403 indulgeat
520 3325 742 3403 neglegentias
764 3326 834 3385 uni-

82 3438 190 3482 versas
212 3432 244 3482 et
265 3423 374 3498 potius
399 3423 431 3482 in
454 3425 516 3484 hoc
538 3434 685 3499 tempore
707 3423 868 3484 miseri-ao

83 3520 205 3580 cordiae
228 3538 385 3581 excessus
407 3531 480 3581 tuos
503 3521 656 3598 corrigat,
681 3539 776 3598 quam
800 3521 832 3580 in

441 3626 467 3666 &3
695 3626 725 3665 6*
