2118 4180
52 413 813 528 wammam&

46 610 190 668 roboret
210 605 398 683 patientiam
429 621 503 664 cum
526 602 689 663 desiderio
711 603 815 662 adhuc

47 705 222 767 deteriora
242 720 301 780 pro
324 719 434 762 amore
457 709 512 762 tuo
534 699 686 776 patiendi.

269 895 540 974 [cnrlrvnvn
564 893 614 969 vn

53 1032 226 1091 Horrenda
248 1030 356 1106 captio
376 1033 408 1088 et
425 1026 573 1087 deductio
588 1026 719 1086 Domini
738 1026 816 1084 lesu.

53 1143 307 1364 &medico
329 1207 362 1257 et
376 1196 495 1275 gratias
510 1212 569 1273 ago
585 1194 653 1270 tibi,
676 1194 840 1262 Domine5

198 1299 272 1358 lesu
296 1295 447 1371 Christe,
478 1310 555 1370 spes
576 1303 762 1353 sanctorum
786 1300 817 1352 et

51 1396 157 1458 turris
181 1393 380 1456 fortitudinis
402 1409 515 1453 eorum
534 1391 567 1451 in
583 1391 671 1451 omni
686 1389 818 1450 tribula·

50 1494 156 1570 tione,
171 1510 230 1570 pro
245 1502 300 1552 tua
315 1491 458 1551 violenta
475 1490 514 1549 ab
529 1489 653 1550 odiosis
668 1487 818 1548 hostibus

54 1591 291 1669 captivatione,
320 1605 378 1665 pro
403 1587 516 1648 audaci
540 1602 695 1647 manuum
720 1585 818 1644 sacri·

54 1689 203 1765 legatum
219 1684 395 1746 iniectione
410 1683 636 1761 quaerentium
652 1693 684 1744 te
695 1691 818 1758 tenere,
829 1703 854 1743 ro

16 1801 17 1804 ’
56 1802 116 1861 pro
146 1795 239 1845 torvo
268 1799 382 1844 eorum
412 1792 524 1842 contra
549 1792 581 1842 te
609 1781 759 1858 inspectu
786 1790 818 1840 et

16 1899 17 1906 ¹
56 1882 177 1943 minaci
201 1890 397 1941 armatorum
421 1879 577 1955 clamore,
603 1895 662 1955 pro
685 1880 765 1939 dura
785 1888 818 1939 et

15 2039 16 2046 ,
58 1980 182 2041 crudeli
205 1989 260 2039 tua
281 1977 482 2054 alligatione,
510 1994 569 2053 pro
592 1976 684 2038 lirma
705 1989 737 2039 et
759 1979 817 2039 im·

59 2078 128 2138 miti
151 2075 349 2151 detentione,
370 2091 429 2151 pro
452 2074 571 2135 festina
592 2084 624 2136 et
646 2077 818 2136 conlusiva

58 2175 253 2236 deductione
282 2190 319 2232 ac
348 2172 521 2233 inhonesta
546 2172 601 2233 illa
626 2173 853 2234 tractationem

60 2289 133 2332 cum
156 2271 278 2331 laesiva
299 2270 530 2346 stimulatione,
552 2271 680 2347 quando
696 2288 714 2330 a
728 2270 817 2330 vilis-

61 2368 153 2430 simis
174 2379 207 2429 et
221 2367 357 2428 abiectis
371 2367 587 2427 histrionibus
602 2385 675 2427 cum
692 2368 816 2428 furioso

60 2466 198 2526 tumultu
209 2473 391 2541 pertractus
406 2481 442 2523 es
457 2464 496 2524 ad
507 2475 655 2540 mortem,
667 2466 817 2542 fugienti·

60 2565 121 2625 bus
141 2563 321 2624 carissimis
343 2562 513 2638 discipulis
534 2563 599 2623 tuis
625 2573 657 2623 et
681 2581 699 2623 a
721 2563 816 2640 longe

62 2660 310 2737 respicientibus
351 2679 424 2721 cum
460 2661 549 2737 gravi
590 2661 678 2721 luctu
719 2671 852 2738 atquem

63 2774 216 2818 maerore.

100 2852 208 2914 Orex
230 2871 360 2932 regum,
390 2855 547 2931 Domine,
576 2857 630 2933 qui
658 2858 816 2918 creaturis

62 2951 210 3012 omnibus
231 2953 409 3012 dominaris
438 2962 470 3013 et
499 2954 590 3013 solus
619 2954 704 3014 inter
730 2972 816 3014 mor·

63 3048 139 3108 tales
159 3047 241 3108 liber
260 3050 384 3126 existis,
406 3051 569 3128 quomodo
585 3061 616 3112 te
632 3053 679 3112 sic
695 3055 815 3129 pateris

64 3147 219 3206 violenter
238 3149 307 3225 capi
331 3149 369 3208 ab
391 3149 514 3226 iniquis
529 3151 679 3212 manibus
699 3162 730 3212 et
749 3162 851 3213 tamzs

64 3243 167 3303 viliter
186 3243 303 3304 deduci
332 3245 371 3305 ab
399 3247 603 3324 hominibu8‚
632 3267 715 3326 quos
744 3249 814 3326 ipse

65 3342 174 3402 creasti
196 3352 230 3402 et
251 3343 370 3420 quibus
391 3344 512 3405 bonum
540 3363 671 3422 semper
698 3346 814 3408 fecisti.

68 3439 135 3499 Heu
156 3457 252 3516 quam
274 3458 372 3518 grave
401 3442 434 3502 in
463 3453 495 3503 te
524 3443 736 3504 commissum
766 3454 815 3505 est

68 3535 195 3615 lacinus,
217 3555 314 3615 quam
330 3549 454 3600 temere
471 3541 726 3618 omnipotentiae
740 3552 815 3603 tuae

105 3645 192 3684 Hamae
207 3658 221 3685 a
242 3647 270 3686 Κ.
291 3643 350 3687 hed.
426 3645 453 3686 fab
695 3649 709 3689 5
