2194 4180
233 366 980 476 Qffiffimafflwss

267 552 297 615 Ο
320 554 543 614 sincerissime
564 554 649 629 lesu,
671 555 815 614 omnium
839 564 983 615 secreto·

227 670 299 712 rum
322 653 470 712 conditor
491 662 523 712 et
551 652 727 712 amantium
758 653 904 712 cordium
934 653 982 712 in·

227 750 403 810 habitatori
460 747 490 810 Ο
527 749 723 809 cruciforme
758 751 982 826 spectaculum

227 847 373 907 omnium
396 846 740 922 contemplativorum!
776 847 805 909 0
828 848 982 909 deificum

205 970 218 1010 5
226 944 495 1021 gazophylacium
518 944 664 1005 omnium
679 945 853 1021 gratiarum
874 957 906 1008 et
928 947 983 1007 do·

227 1058 354 1116 norum,
377 1058 432 1101 rex
456 1041 600 1118 Christe,
622 1043 808 1119 redemptor
827 1045 983 1121 fidelium,

228 1140 282 1216 qui
313 1139 556 1200 sanctissimum
588 1140 671 1200 latus
702 1151 794 1202 tuum
825 1160 982 1203 mucrone

228 1238 316 1298 dirae
339 1239 471 1298 lanceae
489 1238 607 1314 aperiri
624 1238 747 1299 fecisti!
777 1238 875 1315 Aperi
891 1239 982 1314 milri,

229 1353 361 1422 quaeso,
384 1344 508 1411 portam
531 1335 775 1398 misericordiae
797 1346 881 1412 tuae,
910 1337 982 1397 sine

194 1450 218 1492 to
230 1451 282 1494 me
297 1433 422 1510 ingredi
438 1449 497 1509 per
508 1449 660 1509 magnum
672 1443 704 1494 et
714 1434 851 1494 evidens
862 1435 982 1494 ostium

229 1531 339 1591 lateris
362 1530 406 1590 tui
430 1530 469 1589 ad
491 1530 705 1590 amantissimi
729 1531 837 1592 cordis
865 1533 911 1592 tui
935 1550 982 1591 ar·

229 1646 356 1705 canum,
378 1638 413 1687 ut
434 1628 490 1688 tibi
513 1628 644 1688 uniatur
665 1646 722 1689 cor
737 1647 846 1689 meum
861 1630 983 1690 insolu-

228 1726 284 1787 bili
315 1726 457 1787 caritatis
485 1726 617 1786 vinculo
646 1737 742 1804 atque
770 1727 984 1788 vehementer

229 1825 434 1899 accendatur,
456 1834 490 1884 ut
512 1834 546 1885 tu
568 1825 601 1885 in
623 1843 676 1886 me
698 1837 730 1887 et
752 1844 811 1903 ego
827 1826 860 1886 in
882 1836 914 1886 te
930 1827 984 1886 ha-

195 1921 329 1981 rsbitem
361 1939 397 1980 ac
429 1939 637 1998 permaneam
670 1923 920 1983 confoederatus
951 1923 983 1982 in

230 2028 433 2095 perpetuum.
476 2019 621 2080 Vulnera
650 2038 706 2080 cor
734 2037 843 2080 meum
871 2020 985 2097 sagitta

231 2116 372 2176 caritatis
399 2126 490 2192 tuae,
520 2126 663 2178 transeat
694 2116 842 2178 militaris
873 2118 986 2177 lancea

232 2223 286 2274 tua
306 2231 366 2290 per
387 2214 514 2275 viscera
535 2232 609 2275 mea
629 2215 854 2292 perfodiatque
877 2216 986 2276 omnia

232 2312 386 2373 interiora
399 2329 497 2389 mea,
526 2323 687 2389 quatenus
713 2331 753 2374 ex
782 2315 843 2372 hac
864 2314 985 2373 salubri

194 2411 458 2480 aovulneratione
480 2411 657 2487 perfectam
688 2411 857 2472 sanitatem
881 2411 988 2471 anima

233 2525 305 2568 mea
327 2519 562 2585 consequatur,
589 2517 623 2568 ut
651 2509 777 2569 nullum
806 2518 936 2584 praeter
956 2518 988 2569 te

233 2614 409 2666 amatorem
425 2606 601 2682 admittam,
623 2607 744 2666 nullam
761 2616 850 2666 extra
865 2614 896 2666 te
913 2624 987 2667 con-

234 2703 425 2764 solationem
449 2704 623 2780 requiram.
660 2705 708 2765 Sit
727 2722 783 2764 cor
805 2722 915 2765 meum
931 2705 987 2764 tibi
1071 2731 1072 2734 ¹

234 2800 295 2859 soli
314 2803 462 2876 pervium
479 2813 511 2864 et
526 2813 683 2879 apertum,
698 2803 819 2862 mundo
835 2803 988 2879 alienum,

197 2897 361 2958 asdiabolo
397 2900 564 2976 clausum,
606 2910 638 2961 et
679 2909 791 2959 contra
825 2900 989 2976 quaelibet

233 3003 465 3071 temptamenta
486 2997 579 3074 signo
602 2997 709 3057 crucis
731 2997 876 3073 undique
898 3015 988 3073 prae·

234 3092 405 3153 munitum.
