2194 4180
120 601 155 652 ut
169 591 294 652 videret
309 601 341 652 tc
356 592 526 652 sedentem
542 591 575 652 in
591 592 750 653 altissimo
768 593 873 654 Patris

119 689 165 750 tui
187 690 315 749 throno.
345 689 409 750 Sed
431 690 493 748 hoc
515 705 581 748 non
604 700 655 750 est
677 707 872 751 concessum

120 787 150 847 ei
172 788 205 848 in
228 787 280 849 die
309 788 390 863 isto,
417 805 478 847 nec
507 786 659 847 omnibus
687 789 797 848 datum
823 796 874 848 est

120 885 187 961 rapi
211 901 284 945 cum
308 885 409 945 Paulo
432 885 472 945 ad
494 884 626 944 tertium
649 886 787 962 caelum,
815 886 873 946 sed

120 982 238 1058 quibus
268 992 415 1059 paratum
447 993 498 1043 est
528 984 664 1044 aPatre
695 993 750 1043 tuo
779 993 811 1044 et
839 983 898 1045 ins

118 1089 265 1158 tempore
288 1089 471 1157 opportuno
494 1098 512 1140 a
534 1081 606 1141 Deo
628 1081 809 1158 praefinito.

160 1178 189 1240 O
212 1178 265 1255 pie
288 1178 374 1254 Iesu,
396 1178 582 1238 consolator
596 1178 738 1238 tristium
754 1177 874 1237 anima·

120 1292 203 1350 rum,
218 1285 404 1352 compatere
416 1275 541 1336 Mariae
552 1275 703 1352 ploranti,
718 1292 874 1335 succurre

120 1373 259 1449 dolenti,
295 1375 430 1451 loquere
466 1375 595 1435 amanti.
648 1373 709 1434 Dic
740 1372 873 1433 unicum

119 1478 244 1530 tantum
266 1471 414 1542 verbum,
436 1482 469 1532 et
490 1473 657 1533 sanabitur
678 1472 771 1533 dolor
792 1471 911 1536 eius.1o

121 1567 182 1627 Dic
209 1585 343 1629 nomen.
360 1579 471 1645 tuum,
500 1570 660 1645 Domine,
690 1577 786 1629 sonet
811 1585 875 1628 vox

119 1673 175 1724 tua
196 1665 229 1724 in
251 1665 384 1727 auribus
413 1667 502 1743 eius,
534 1678 566 1729 et
597 1685 672 1728 mox
700 1666 875 1728 reviviscet

120 1763 255 1838 spiritus
292 1765 374 1825 eius.
426 1765 575 1827 Ostende
611 1767 736 1826 vultum
773 1775 875 1840 tuum,

121 1858 196 1918 Iesu
218 1861 484 1939 speciosissime,
513 1873 545 1924 et
567 1863 738 1924 laetabitur
768 1863 876 1922 anima

119 1956 192 2016 eius
221 1957 254 2017 in
283 1967 314 2019 te
337 1961 543 2021 suavissime.
585 1962 676 2022 Voca
703 1978 774 2021 earn
804 1976 912 2037 pro-1⁵

119 2053 192 2129 prio
213 2056 357 2132 nomine,
378 2067 411 2118 et
432 2058 541 2118 statim
564 2059 706 2119 cessabit
727 2059 815 2120 llere.

163 2152 243 2228 Cur,
258 2171 391 2231 quaeso,
403 2156 555 2232 Domine,
569 2155 743 2216 abscondis
759 2156 875 2217 faciem

120 2257 209 2308 tuam
240 2267 259 2309 a
287 2250 443 2327 diligente
472 2262 505 2312 te
535 2263 568 2312 et
595 2262 660 2312 tam
683 2253 823 2314 sollicite
845 2264 876 2314 te

120 2356 299 2423 quaerente
331 2357 363 2407 et
394 2349 513 2410 acriter
547 2350 694 2426 plorante
725 2368 783 2427 pro
818 2352 877 2411 te?

121 2443 194 2504 Cur
215 2443 314 2504 alium
330 2454 362 2505 te
378 2446 514 2506 simulas
529 2456 562 2506 et
577 2447 785 2507 hortulanum
802 2463 913 2508 esseao

121 2540 234 2617 lingis,
263 2558 337 2602 cum
360 2552 394 2602 tu
416 2541 464 2602 sis
492 2542 633 2604 dilectus
656 2544 818 2604 Dominus
846 2552 878 2603 et

119 2639 278 2716 magister
299 2640 382 2716 eius,
405 2640 568 2701 Dominus
584 2641 617 2701 in
637 2641 791 2717 regendo,
812 2657 878 2700 ma·

118 2737 223 2812 gister
244 2735 277 2796 in
300 2737 475 2799 docendo?
511 2739 571 2799 Dic
594 2755 686 2816 ergo:
716 2739 782 2816 Ego
804 2756 877 2799 sum

120 2835 227 2909 lesus,
249 2820 347 2911 quem
363 2836 504 2912 quaeris,
525 2845 651 2902 taceet
665 2835 731 2896 noli
748 2835 827 2897 flere
847 2846 879 2897 et

120 2931 170 2991 sis
192 2931 226 2991 in
248 2949 328 3008 pace
351 2935 412 2993 hac
434 2933 517 2994 vice.
888 2955 915 2996 25

164 3029 229 3090 Sed
250 3030 335 3091 bone
359 3031 445 3107 Iesu,
466 3031 634 3108 quidboni
657 3031 691 3091 in
706 3031 769 3091 isto
789 3047 879 3107 prae·

73 3117 77 3128 ’
120 3127 232 3187 tendis
254 3137 287 3188 et
308 3145 405 3204 quam
428 3129 469 3188 ob
492 3144 623 3189 causam
641 3127 804 3203 protrahis
826 3127 880 3187 de-

120 3223 281 3285 siderium
297 3225 425 3285 animae
440 3227 547 3286 suae?
576 3225 662 3300 Scio,
682 3225 758 3301 quia
772 3225 881 3284 omnia

120 3339 198 3381 cum
228 3321 435 3398 providentia
463 3323 533 3399 agis
561 3331 593 3382 et
624 3321 789 3398 disponis,
819 3339 880 3382 nec

120 3419 265 3496 aliquem
290 3420 388 3495 fallis,
409 3437 470 3481 nec
494 3420 560 3480 falli
583 3421 716 3497 poteris,
738 3438 812 3481 cum
834 3421 917 3481 sisso

122 3517 216 3576 Deus
239 3517 361 3593 iustus,
390 3518 464 3594 pius
487 3527 519 3577 et
541 3535 639 3579 verax
667 3518 700 3578 in
730 3519 881 3579 omnibus

485 3623 526 3664 237
