2142 4172
107 432 110 435 x
128 424 185 491 ‘³³'
200 418 334 517 {Z
335 434 401 505 '52³‘
419 471 449 523 ιι,
461 471 480 524 r,
492 413 841 526 law

89 605 191 682 igitur
204 604 438 665 humanitatem
454 614 541 664 tuam
555 613 587 664 et
598 603 736 664 credens
752 604 849 664 corde

91 705 246 764 latentem
269 703 302 762 in
318 712 350 763 te
365 702 566 762 divinitatem
583 701 775 761 exclamavit
793 719 849 762 ore

93 818 168 860 cum
198 818 313 877 magna
339 799 512 860 devotione
542 808 573 859 et
595 799 691 875 plena
720 799 782 860 fide
804 800 850 860 di-

92 915 189 959 cens:
208 898 369 958 Dominus
384 914 479 957 meus
494 906 526 958 et
542 898 633 957 Deus
648 913 751 957 meus.
777 897 850 956 Hoc

93 995 231 1056 firmiter
261 995 375 1070 credo,
406 996 468 1055 hoc
497 994 657 1055 veraciter
677 979 873 1070 'profiteor,s

92 1097 157 1155 hoc
178 1103 327 1170 patenter
346 1093 492 1170 eloquor,
514 1094 575 1152 hoc
591 1092 743 1152 audacter
759 1110 850 1168 prae-

92 1193 185 1268 dico,
213 1194 275 1252 hoc
304 1190 456 1250 omnibus
484 1189 613 1266 populis
640 1190 796 1251 denuntio
819 1200 850 1251 et

94 1307 200 1367 usque
229 1289 261 1349 in
293 1287 376 1348 lines
405 1287 493 1347 orbis
523 1297 629 1347 terrae
658 1287 849 1349 annuntiare

94 1386 257 1462 desidero,
279 1395 314 1446 ut
328 1403 443 1445 omnes
465 1386 498 1446 in
520 1394 552 1445 te
568 1385 701 1445 credant
715 1395 747 1446 et
769 1385 849 1445 salvi

95 1484 192 1544 liant:
232 1484 393 1545 Dominus
429 1500 524 1543 meus
557 1491 589 1543 et
620 1484 712 1543 Deus
746 1500 850 1559 meua,
862 1507 886 1548 ro

94 1591 223 1643 creator
243 1599 338 1641 meus
359 1590 391 1641 et
412 1581 598 1657 redemptor
619 1598 722 1641 meus.
759 1581 849 1641 Haec

94 1689 148 1740 est
174 1696 252 1740 vera
280 1688 312 1739 et
336 1677 428 1738 firma
456 1677 554 1752 tides,
583 1695 666 1754 quae
695 1679 783 1739 ducit
810 1679 850 1739 ad

94 1794 232 1854 regnum
255 1778 418 1837 caelorum
442 1776 623 1836 credentes.

138 1873 167 1934 O
196 1892 292 1951 quam
322 1892 437 1951 magna
465 1873 636 1934 multitudo
668 1874 850 1934 dulcedinis

94 1981 181 2048 tuae,
193 1973 354 2049 Domine,
375 1973 408 2033 in
424 1971 546 2033 sanctis
561 1980 593 2031 et
608 1971 721 2032 electis
737 1971 851 2032 amicis
862 1988 886 2030 rs

94 2069 179 2145 tuis,
209 2087 305 2146 quam
334 2070 383 2130 eis
415 2071 603 2146 frequenter
633 2068 666 2128 in
697 2070 757 2128 hac
786 2069 851 2129 vita

94 2166 182 2226 inter
202 2167 427 2228 tribulationes
449 2176 480 2227 et
495 2166 723 2243 temptationes
743 2177 850 2228 osten·

94 2263 147 2323 dis
158 2272 189 2323 et
204 2274 412 2342 praegustare
427 2264 507 2324 facis
523 2272 554 2323 et
564 2263 604 2323 ad
614 2263 849 2340 proficiendum

95 2368 130 2419 et
150 2361 425 2436 perseverandum
441 2361 550 2421 verbis
572 2370 604 2421 et
619 2361 777 2437 exemplis
797 2380 850 2423 ex·

95 2457 246 2519 hortaris.
284 2458 467 2536 Aliquando
489 2469 521 2520 te
543 2459 726 2535 abscondis,
748 2469 783 2520 ut
804 2461 886 2522 lu-ao

93 2565 192 2633 geant
213 2567 245 2616 et
266 2567 422 2633 quaerant
442 2568 475 2618 te
491 2568 522 2618 et
536 2558 648 2618 videre
664 2557 850 2618 desiderent

94 2664 130 2714 et
144 2672 235 2715 suam
251 2655 470 2716 infirmitatem
486 2657 630 2717 cadendo
646 2666 678 2716 et
693 2656 851 2732 torpendo

95 2762 293 2829 cognoscant
314 2764 346 2814 et
367 2772 482 2832 magna
504 2755 544 2815 de
566 2771 687 2815 senon
709 2755 851 2832 cogitent

95 2869 157 2912 nec
186 2852 299 2913 altiora
326 2871 425 2931 supra
452 2871 488 2914 se
512 2861 729 2930 praesumant.
772 2853 851 2912 Post

96 2949 316 3010 haec‘iterum
338 2959 370 3010 te
392 2949 538 3010 ostendis
558 2959 590 3011 et
605 2950 753 3010 dolentes
775 2966 886 3014 con-25

96 3046 223 3121 solaris,
243 3045 408 3106 illuminas
430 3057 462 3106 et
484 3047 592 3123 doces,
614 3065 655 3107 ne
675 3047 850 3122 desperent

96 3144 129 3204 in
159 3144 211 3204 die
240 3144 398 3204 malorum
424 3161 486 3204 nec
515 3162 551 3205 se
580 3145 711 3205 elevent
737 3143 770 3203 in
797 3143 849 3203 die

95 3242 266 3316 bonorum,
287 3242 346 3302 sed
360 3243 540 3320 recogitent
556 3260 593 3304 se
608 3259 683 3303 esse
698 3242 849 3303 homines

95 3340 250 3400 mortales
261 3348 491 3416 etpeccatores
502 3341 672 3418 gratiaDei
682 3340 849 3401 etmiseri-

96 3436 205 3498 cordia
220 3453 350 3514 semper
365 3437 559 3515 indigentes,
580 3455 645 3498 non
662 3438 794 3515 angelos
816 3439 885 3504 inno

94 3534 196 3611 gloria
218 3535 434 3597 confirmatos.

451 3640 492 3684 aas
