2142 4172
304 1313 575 1390 [cnmrvivn
600 1314 635 1390 1.]

86 1463 133 1522 De
153 1462 341 1522 ascensione
354 1462 485 1523 Domini
499 1468 531 1522 et
544 1461 749 1538 apparitione
763 1462 840 1522 eins.

150 1639 255 1796 ffi'
277 1640 475 1702 ENEDICO
499 1650 531 1701 et
552 1641 671 1718 gratias
692 1659 751 1718 ago
772 1639 841 1714 tibi,

88 1645 123 1810 Q(
297 1740 438 1800 Domine
475 1739 550 1799 lesu
588 1739 741 1815 Christe,
784 1756 841 1798 rex

92 1631 268 2001 ς,
295 1836 428 1913 gloriae,
444 1846 572 1897 creator
585 1837 666 1898 caeli
683 1847 715 1897 et
725 1846 864 1911 terrae‚s

225 1933 271 2010 A
297 1933 481 1994 dominator
501 1935 691 2012 angelorum
720 1943 752 1994 et
780 1935 842 1995 sal·

86 2039 179 2092 vator
204 2031 392 2106 hominum,
421 2031 598 2093 detestator
626 2033 841 2109 superborum

86 2137 120 2188 et
142 2129 327 2189 consolator
348 2128 533 2205 humilium,
555 2130 610 2206 qui
626 2130 843 2206 triumphator

87 2226 186 2287 hodie
202 2244 302 2303 super
316 2243 432 2287 omnes
448 2228 557 2288 caelos
572 2236 604 2286 et
619 2227 843 2303 superomnia

87 2324 169 2384 caeli
186 2323 368 2399 luminaria,
391 2340 490 2400 super
502 2323 685 2385 Cherubim
701 2333 733 2383 et
749 2323 842 2384 Sera·
853 2347 878 2401 ro

86 2421 178 2497 phim
201 2429 233 2480 et
255 2437 356 2497 super
376 2438 507 2481 omnem
537 2420 716 2498 angelicam
740 2421 842 2498 digni-

86 2528 186 2579 tatern
216 2527 248 2578 et
283 2526 450 2578 creaturae
481 2517 683 2578 altitudinem
713 2519 843 2595 propria

87 2617 208 2677 virtute
239 2615 426 2676 videntibus
457 2616 628 2692 discipulis
659 2617 724 2677 tuis
760 2617 843 2677 laeta

88 2713 173 2775 lacie
195 2723 228 2773 et
247 2713 391 2790 glorioso
407 2730 543 2789 corpore
559 2715 697 2774 amictus
719 2715 842 2775 lumine

87 2812 176 2872 sicut
203 2811 401 2871 vestimento
432 2812 626 2872 canentibus
656 2813 780 2889 angelis
809 2811 879 2871 inis

88 2926 172 2970 voce
193 2910 289 2970 tubae
311 2918 343 2969 et
359 2926 477 2970 canore
500 2909 591 2969 iubili
613 2909 788 2970 ascendisti
812 2919 843 2969 et

89 3007 176 3067 viam
192 3015 345 3066 aeternae
356 3006 442 3066 vitae
454 3015 486 3066 et
494 3007 617 3083 gloriae
628 3007 714 3067 victo
730 3007 841 3067 mundi

89 3104 238 3181 principe
253 3105 368 3164 electis
383 3104 497 3164 amicis
508 3105 565 3165 tibi
576 3105 725 3165 adunatis
735 3114 843 3165 osten-

89 3201 184 3277 disti,
212 3219 295 3279 quos
317 3201 357 3261 de
379 3202 501 3262 mundo
523 3202 562 3261 ad
585 3202 788 3278 sequendum
810 3211 843 3262 te

89 3317 150 3377 per
171 3301 256 3360 viam
279 3317 414 3376 asperae
436 3300 545 3360 crucis
566 3300 689 3360 vocasti
714 3309 746 3360 et
768 3317 879 3360 con-m

91 3397 228 3458 lortasti.

133 3494 162 3556 O
186 3495 327 3556 Domine
350 3496 442 3555 Deus
464 3511 568 3570 meus,
589 3512 686 3572 quam
709 3495 844 3555 admira-

90 3595 157 3654 bile
179 3604 229 3655 est
251 3611 372 3655 nornen
394 3604 485 3654 tuum
516 3594 548 3653 in
570 3594 725 3654 universa
749 3603 844 3653 terra.

447 3700 489 3742 aas
