2144 4168
399 538 565 593 Epllegomena.

94 689 187 766 ficiis
207 687 403 759 salvatoris,
434 688 529 764 cujus
554 688 717 749 orationes
738 687 859 747 babent

102 770 299 846 plerumque
321 769 469 829 exordia:
499 769 665 830 Benedico
687 777 720 828 et
740 767 859 844 gratias

104 867 164 927 ago
196 849 273 926 tibi,
307 850 458 911 Domine.
511 849 718 909 Prooemium
751 857 858 908 autem

104 939 172 991 est:
208 929 241 990 Si
274 930 442 990 desideras
476 929 622 1006 perfecte
657 928 806 989 mundari
841 946 860 988 a

104 1010 217 1071 vitiis.
233 1056 240 1070 .
256 1015 282 1070 .“
303 1010 367 1086 Ipsi
384 1027 467 1086 opus
482 1009 516 1069 in
534 1010 667 1083 „dubia“
685 1009 859 1070 referunt.¹

104 1091 214 1167 Atque
250 1090 356 1151 eidem
394 1090 555 1168 Dionysio
591 1107 673 1166 opus
708 1089 860 1150 tribuitur

105 1189 215 1246 manu,
237 1171 269 1231 ni
294 1170 397 1246 iallor,
419 1171 542 1231 saeculi
559 1170 650 1231 XVII
666 1173 726 1246 pl
751 1186 860 1230 exem·

104 1251 244 1328 plarium
266 1251 484 1311 bibliothecae
499 1251 631 1311 urbicae
647 1249 860 1312 Coloniensis

104 1335 130 1388 cl
149 1332 225 1396 ett'·

167 1430 197 1504 c)
228 1428 325 1506 Quod
355 1428 468 1489 scribit
497 1428 663 1489 Henricns
692 1429 859 1489 Francken

105 1509 355 1584 Siersdorffius,
397 1526 517 1569 censor
557 1508 710 1569 editionis
749 1509 792 1562 *o
825 1508 859 1569 in

106 1589 392 1666 „approbatione“:
417 1589 624 1662 „Oliationes
646 1589 745 1650 libelli
762 1589 861 1649 huius

104 1670 293 1730 redolentes
328 1670 448 1746 stylum
484 1668 629 1730 Thomae
664 1687 682 1729 a
714 1669 861 1746 Kempis,

104 1751 159 1811 vel
181 1750 316 1810 alterius
337 1750 534 1826 pientissimi
564 1759 596 1810 et
621 1749 858 1826 religiosissimi

105 1830 167 1891 viri
180 1875 187 1890 .
199 1875 206 1890 .
218 1834 256 1906 .“‚
271 1830 303 1891 id
316 1830 463 1906 profecto
478 1847 543 1891 non
559 1839 609 1891 est
624 1839 860 1907 argumentum,

105 1911 165 1972 sed
188 1911 260 1970 sine
283 1911 349 1970 ullo
371 1920 563 1988 argumento
587 1911 753 1971 dubitatio.

167 2008 200 2084 d)
231 2008 296 2067 Iam
324 2008 362 2068 ad
386 2008 408 2068 1.
433 2009 471 2068 Κ.
494 2008 625 2068 Zenner
647 2008 678 2068 S.
702 2008 725 2068 1.
751 2008 860 2068 venia-

105 2105 198 2164 mus,
220 2089 274 2165 qui
297 2105 371 2149 cum
394 2088 428 2148 in
449 2104 474 2156 u
493 2088 629 2162 librum,
651 2088 705 2164 qui
728 2088 762 2148 in
785 2105 860 2148 con-

104 2169 266 2229 troversia
288 2177 348 2244 est,
369 2187 387 2229 a
401 2179 492 2245 patre
507 2168 646 2245 quodam
663 2167 858 2229 Cartusiano

104 2249 263 2324 scriptum
275 2265 349 2309 esse
360 2249 503 2326 legisset,
512 2266 577 2309 non
587 2248 692 2308 solum
701 2246 859 2308 'rhomam

106 2330 329 2405 Kempensem
352 2341 517 2389 auctorem
540 2329 613 2389 eius
630 2345 705 2388 esse
720 2329 859 2405 negavit,

105 2410 165 2470 sed
194 2409 290 2470 etiam
322 2409 502 2470 Henricum
525 2409 679 2484 Amoldi,
709 2409 858 2469 coenobii

106 2489 311 2550 Basileensis
346 2489 543 2565 antistitem,
583 2497 748 2550 auctorem
785 2507 859 2549 esse

105 2571 292 2646 suspicatus
327 2575 408 2630 estt
464 2570 572 2647 Atque
607 2572 691 2629 banc
727 2570 858 2646 quidem

105 2650 329 2727 suspicionem
368 2650 463 2711 facile
502 2650 646 2725 removi,
688 2658 858 2727 postquam

106 2731 164 2791 Dr.
200 2730 357 2790 Nicolaus
394 2731 515 2791 Paulus
557 2730 682 2790 amicus
723 2730 857 2791 Henrici

106 2811 196 2872 illius
218 2811 450 2871 Meditationes
472 2811 512 2871 de
535 2811 600 2870 vita
617 2809 754 2886 Christi,
776 2827 858 2887 quae

106 2892 212 2952 adhuc
234 2891 267 2950 in
290 2891 403 2951 codice
425 2891 642 2952 Monacensi³
672 2900 859 2967 supersunt,

106 2989 242 3049 prorsus
266 2971 345 3032 alias
374 2989 452 3032 esse
471 2980 567 3049 atque
589 2970 733 3031 Thomae
755 2971 858 3031 nostri

106 3069 160 3112 me
188 3051 361 3112 certiorem
391 3051 499 3113 lecit‘.
543 3052 640 3128 Quod
665 3068 744 3111 vero
772 3051 857 3112 idem

167 3281 176 3308 ¹
191 3279 245 3321 Vide
257 3279 285 3322 D.
296 3278 322 3321 Α.
334 3279 433 3332 Mougel,
449 3279 525 3332 Denys
541 3279 561 3320 le
576 3276 703 3320 Chartreux
719 3277 858 3330 troz-1471,

105 3335 347 3384 Montreullsur-mer,
372 3333 424 3374 1896
438 3344 460 3384 p.
475 3333 514 3385 84,
534 3332 637 3385 idemque
651 3342 709 3383 opus
725 3329 858 3374 Germanice

105 3388 217 3430 redditum
240 3399 252 3428 ι
273 3387 386 3429 sacerdote
408 3387 504 3439 quodam
526 3386 615 3427 ordinis
636 3383 780 3438 Cantusianl,
802 3385 859 3427 Mul-

105 3443 165 3484 beim
181 3453 201 3483 a.
217 3441 238 3483 d.
256 3440 326 3492 num,
341 3440 372 3482 Μ.
389 3439 487 3492 Hegner.
504 3439 555 3480 1898
570 3450 592 3491 p.
606 3440 641 3482 99.

167 3503 300 3545 'Zeitscbn
316 3502 333 3544 l.
348 3502 408 3544 kath.
423 3501 502 3545 Theoi.
517 3501 556 3544 XX
570 3501 641 3555 (1896)
656 3512 678 3553 p.
696 3501 808 3544 171—178.

167 3568 176 3596 ³
192 3565 216 3607 L.
233 3564 362 3616 Rosenthal,
378 3564 437 3606 Bibl.
452 3562 588 3606 Cartuslana
602 3563 639 3605 XL
654 3565 680 3610 n?
694 3564 742 3606 6³4.

165 3627 298 3670 ‘Zeitscha
314 3626 330 3668 l.
347 3626 405 3668 katb.
421 3626 499 3669 Theoi.
515 3626 531 3668 l.
546 3626 562 3669 l.
577 3636 600 3677 p.
614 3627 656 3669 555
669 3639 704 3680 sq.

461 3715 502 3757 383
