2194 4180
254 409 1000 520 Qffihnafflffi’ffi

247 599 481 659 consummasti
512 616 664 676 magnum
696 598 826 675 pietatis
856 616 941 675 opus
970 599 1004 658 in

246 696 352 756 terris.
397 697 560 757 Praecede
576 697 727 757 servulos
748 706 833 772 tuos,
855 713 933 772 para
955 696 1005 756 eis

245 793 330 852 viam
354 793 392 852 ad
415 795 618 870 sequendum
641 804 673 854 te
696 794 802 854 citius.
835 793 937 870 Aperi
960 794 1004 854 ia-

245 908 343 950 nuam
366 891 456 968 regni
473 891 635 966 caelestis,
657 909 753 968 quam
770 891 824 951 diu
840 891 1005 952 clauserat

222 988 412 1051 atemeritas
434 988 529 1064 primi
552 989 706 1065 parentis.
749 989 839 1050 Vade
867 989 1003 1049 visitare

245 1096 376 1145 sanctos
397 1096 507 1162 patres
529 1086 562 1148 in
578 1086 677 1146 limbo
700 1085 831 1161 inferni,
853 1086 1005 1146 illumina

244 1184 399 1245 sedentes
427 1183 647 1259 intenebris,
679 1182 791 1260 frange
821 1184 1002 1259 potentiam

244 1281 373 1358 diaboli,
395 1282 487 1342 solve
509 1281 639 1341 vincula
660 1281 842 1358 ligatorum,
865 1282 1004 1342 subleva

244 1378 368 1452 fessos,
399 1379 569 1440 consolare
598 1379 765 1455 lugentes,
796 1378 921 1438 redime
947 1397 1002 1439 ex-

208 1499 234 1541 ro
243 1485 421 1552 pectantes,
443 1477 525 1536 educ
541 1475 686 1551 captivos
701 1485 776 1535 tuos
791 1476 831 1535 de
847 1477 1003 1537 claustris

242 1572 468 1649 inlemalibus‚
490 1589 631 1650 cumque
646 1573 720 1633 illos
736 1573 889 1634 eduxeris
911 1585 944 1634 et
966 1575 1003 1635 in

242 1671 394 1747 supernis
417 1671 497 1731 caeli
521 1670 746 1732 mansionibus
777 1687 850 1730 cum
873 1672 1003 1748 angelis

242 1768 465 1844 collocaveris,
482 1779 559 1828 tunc
574 1778 739 1828 memento
755 1768 831 1844 mei,
847 1769 1003 1845 Domine,

242 1868 275 1927 in
286 1884 386 1944 regno
396 1876 463 1942 tuo,
474 1876 509 1926 ut
519 1866 640 1927 educas
655 1883 707 1926 me
723 1866 763 1925 de
779 1882 910 1926 carcere
925 1866 1003 1943 isto,

207 1989 233 2033 15
241 1965 281 2024 de
297 1964 414 2024 limoso
428 1964 535 2024 carnis
546 1963 740 2039 habitaculo,
755 1964 795 2025 de
810 1953 1002 2040 periculoso

242 2071 326 2120 statu
337 2077 410 2120 meo
421 2060 852 2138 exhocvagoetmiserabili
864 2063 1002 2124 mundo.

283 2158 412 2218 Imitare
434 2168 542 2218 autem
564 2157 734 2220 Christum
758 2159 790 2218 in
813 2159 875 2218 hoc
895 2160 1001 2220 verbo

242 2256 367 2319 Christi
390 2266 547 2331 sectator,
578 2265 611 2315 et
641 2272 682 2315 ne
714 2272 826 2316 cesses
857 2258 1002 2334 operari,

239 2355 394 2432 quamdiu
416 2365 546 2430 tempus
567 2354 668 2413 habes
690 2364 722 2413 et
737 2353 843 2428 vires,
864 2353 1001 2430 perfice,

202 2453 326 2530 mquod
349 2453 496 2528 coepisti,
518 2463 552 2513 ut
568 2453 803 2528 advesperante
818 2451 904 2512 vitae
922 2463 1001 2514 tuae

240 2550 380 2611 termino
402 2551 491 2612 dicas
513 2560 545 2610 et
566 2560 600 2609 tu
623 2566 697 2610 cum
720 2549 880 2610 amicabili
905 2551 1001 2612 lesu:

241 2646 513 2708 Consummatum
537 2658 596 2708 est.
639 2647 848 2724 Quapropter
867 2649 1002 2729 ambula

239 2743 324 2803 viam
356 2762 453 2805 verae
484 2745 632 2821 virtutis,
667 2755 793 2805 sectare
829 2745 1002 2822 iustitiam,

239 2842 406 2903 decertare
442 2860 598 2920 praepara
634 2843 673 2902 ad
709 2853 846 2909 mortem
883 2854 1002 2904 contra

200 2939 333 3014 25vitia,
368 2949 403 2999 ut
438 2940 663 3017 apprehendas
699 2939 798 3000 vitam
829 2948 1000 3002 aeternam

238 3037 413 3114 valeasque
450 3054 523 3097 cum
562 3038 662 3098 Paulo
698 3038 824 3099 dicere:
865 3038 1000 3100 Bonum

238 3143 403 3194 certamen
429 3135 568 3210 certavi,
597 3152 729 3195 cursum
759 3136 1001 3212 consummavi,

238 3230 334 3291 fidem
357 3232 497 3292 servavi.
541 3232 708 3293 Modicum
732 3231 904 3309 laborabis,
926 3251 999 3294 mo-

237 3328 345 3389 dicum
381 3337 512 3405 tempus
548 3330 653 3391 adhuc
690 3330 889 3406 sustinebis3
933 3331 1001 3392 cito

200 3446 227 3487 ao
238 3427 347 3487 veniet
362 3429 442 3487 hora
457 3438 521 3504 tua,
541 3438 577 3488 ut
592 3438 838 3489 consummatus
853 3426 886 3486 in
902 3427 998 3488 brevi

236 3526 368 3600 expleas
390 3535 537 3600 tempora
558 3527 669 3586 multa.

602 3629 639 3671 na
