2142 4172
94 664 197 723 super
217 665 333 708 omnes
356 648 453 708 sedes
484 647 697 708 ecclesiamm
728 657 760 708 et
781 648 852 709 iura

95 763 272 823 regnorum
310 746 417 822 ipsum
454 755 617 822 tamquam
655 746 783 807 fidelem
820 757 852 807 et

94 861 211 904 verum
243 843 401 905 vicarium
430 852 521 903 tuum
552 843 750 905 constituisti
785 861 851 904 non

94 940 136 1001 ad
158 939 414 1001 destructionem
436 950 491 1001 aut
512 941 691 1003 laesionem
714 942 852 1003 alicuius

95 1037 170 1114 agni
206 1039 327 1098 novelli
364 1048 396 1099 et
426 1039 575 1099 infirmae
606 1039 754 1099 oviculae
789 1040 875 1102 sibis

94 1137 303 1213 commissae,
325 1139 384 1198 sed
405 1139 444 1198 ad
466 1137 693 1199 defensionem
723 1148 755 1198 et
777 1155 853 1198 con·

94 1234 308 1311 solationem,
339 1236 377 1296 ad
406 1235 656 1295 instructionem
688 1244 719 1295 et
750 1235 852 1294 salva-

93 1333 219 1394 tionem
262 1333 408 1393 0mnium
445 1333 589 1393 fidelium
625 1332 784 1393 maiorum
821 1341 853 1392 et

94 1430 261 1491 minorum
297 1447 356 1506 per
389 1440 492 1491 totum
530 1431 641 1490 orbem
682 1439 852 1490 terrarum.

95 1529 241 1604 Ideoque
263 1527 358 1588 vivae
375 1528 467 1588 vocis
483 1528 615 1588 oraculo
631 1528 736 1589 eidem
755 1528 851 1588 Petro
864 1553 888 1594 ιο

94 1625 237 1686 sollicite
259 1625 454 1702 praecepisti
476 1635 573 1703 atque
602 1626 754 1686 omnibus
780 1626 853 1686 aliis

93 1722 250 1800 praelatis
285 1724 347 1784 hoc
387 1724 473 1785 idem
516 1724 685 1785 iniunxisti
722 1724 852 1785 dicens:

96 1823 201 1881 Pasce
237 1838 337 1898 agnos
373 1839 482 1897 meos,
518 1839 615 1898 pasce
647 1840 727 1883 oves
762 1840 853 1883 meas

92 1936 213 1996 parvas
244 1929 276 1979 et
298 1935 448 1996 magnas,
479 1919 599 1979 divites
628 1930 660 1980 et
681 1937 853 1996 pauperes,

93 2036 178 2096 quas
200 2017 323 2079 redemi
346 2017 505 2093 sanguine
528 2034 611 2078 meo.
863 2044 887 2084 15

137 2116 324 2190 lllemento,
354 2115 467 2190 Petre,
495 2114 601 2192 qualis
624 2115 737 2191 lueriS,
764 2124 852 2174 ante-

94 2230 193 2292 quam
216 2214 256 2273 de
271 2213 345 2274 navi
361 2229 512 2274 vocarem
534 2222 566 2273 te
589 2213 627 2272 ad
642 2211 851 2287 apostolicam

94 2310 303 2387 dignitatem,
335 2320 366 2370 et
402 2309 507 2387 qualis
542 2327 630 2370 nunc
667 2309 771 2369 iactus
806 2309 853 2368 sis

94 2408 194 2469 etiam
217 2417 289 2484 post
310 2407 429 2467 trinam
451 2407 657 2484 negationem
679 2416 767 2467 tuam
795 2425 853 2483 per

94 2505 295 2582 singularem
318 2504 576 2565 misericordiam
599 2522 705 2565 meam
730 2515 762 2565 et
783 2523 889 2581 gra-ao

94 2605 173 2665 tiam
205 2604 244 2664 ad
279 2603 470 2680 ampliorem
502 2604 660 2663 honorem
693 2612 724 2663 et
754 2603 853 2662 maie-

94 2710 223 2763 statem.
267 2701 351 2762 Ecce
374 2701 480 2761 lactus
508 2717 545 2760 es
573 2700 719 2761 omnium
749 2701 853 2761 eccle·

95 2799 219 2860 siarum
241 2814 390 2859 summus
412 2806 523 2874 pastor
544 2805 576 2856 et
598 2807 705 2857 rector
725 2814 791 2859 non
813 2800 852 2858 ad

95 2898 226 2958 laudem
248 2906 348 2971 tuam,
369 2896 428 2955 sed
449 2895 489 2955 ad
511 2911 617 2954 meam
647 2906 679 2956 et
701 2898 853 2959 caelestis

97 2995 205 3057 Patris
227 2995 291 3055 mei
315 3003 347 3054 et
362 2993 504 3070 Spiritus
526 2994 628 3053 sancti
648 2995 782 3070 gloriam
805 2995 889 3055 iu-as

94 3093 180 3171 giter
202 3093 421 3168 quaerendam
444 3100 476 3152 et
507 3091 710 3152 subditorum
739 3110 851 3169 pacem

95 3190 301 3251 servandam.
396 3257 405 3272 ·

139 3287 248 3347 Laudo
270 3295 319 3362 te,
348 3287 423 3347 Iesu
445 3285 685 3362 amantissime,
715 3303 774 3362 pro
797 3303 852 3363 op-

95 3386 176 3446 tima
211 3383 383 3444 collatione
419 3400 492 3443 cum
533 3392 645 3444 sancto
683 3384 779 3444 Petro
821 3392 853 3443 et

95 3492 210 3545 sancto
240 3483 385 3542 Iohanne
414 3481 472 3541 tibi
503 3480 637 3556 speciali
669 3496 778 3539 amore
807 3478 889 3540 di-ao

95 3581 202 3656 lectis,
224 3579 300 3657 quia
322 3579 455 3639 Petrum
477 3578 561 3638 bene
590 3577 784 3639 instructum
812 3580 850 3638 ad

455 3683 496 3726 aas
