2152 4174
247 429 991 539 mnemon&

238 636 316 679 ecce
339 618 426 678 lilius
447 627 541 693 tuus,
569 617 688 677 deinde
717 617 756 677 ad
778 617 998 693 discipulum:
1063 666 1064 684 ,

239 716 322 776 Ecce
344 724 448 775 mater
468 725 532 776 tua.

278 812 409 874 Olelix
438 813 626 873 coniunctio
656 823 688 873 et
715 822 805 890 grata
829 829 999 874 commen-

237 911 333 986 datio,
356 928 451 987 quam
474 910 643 987 virginalis
665 910 834 988 integritas
856 909 998 970 sociavit

213 1020 269 1072 set
300 1007 512 1070 consecravit.
565 1009 601 1068 ln
637 1010 699 1069 hoc
735 1009 856 1070 etenim
893 1009 995 1068 verbo

237 1107 408 1168 ostendisti
424 1123 500 1183 erga
515 1106 628 1167 matris
644 1109 801 1167 honorem
817 1105 890 1182 piae
906 1105 995 1165 solli·
1064 1109 1065 1142 l

237 1204 391 1265 citudinis
406 1203 569 1280 allectum,
587 1205 642 1265 cui
659 1206 804 1266 solamen
820 1202 929 1280 pudici
948 1203 995 1262 di·
1065 1230 1066 1244 κ

237 1302 353 1378 scipuli
370 1301 496 1362 donasti
513 1312 545 1362 et
562 1320 621 1379 pro
638 1312 670 1363 te
685 1304 822 1363 alterum
838 1301 996 1377 quodam-

237 1399 333 1459 modo
356 1399 457 1458 lilium
480 1400 700 1476 supposuisti,
721 1399 776 1476 qui
799 1398 899 1459 castis
921 1398 995 1457 eius
1065 1401 1066 1436 ³

202 1521 226 1563 ro
236 1497 382 1558 moribus
418 1507 612 1574 congrueret
650 1506 682 1558 et
717 1498 757 1557 de
794 1494 994 1556 necessariis

236 1594 321 1654 vitae
356 1594 515 1670 sagaciter
555 1595 750 1671 provideret.
806 1594 861 1655 Sic
903 1593 992 1653 enim

235 1700 323 1751 tuam
353 1690 484 1752 filialem
514 1693 749 1768 providentiam
779 1708 875 1768 agere
898 1691 994 1751 dece-

235 1789 305 1863 bat,
341 1797 375 1848 ut
410 1798 513 1849 mater
544 1799 655 1850 sancta
685 1799 717 1850 et
747 1789 838 1866 virgo
870 1787 995 1847 illibata
1067 1794 1068 1846 l

236 1885 322 1946 fideli
361 1887 510 1947 ministro
545 1905 611 1947 non
648 1895 788 1962 careret,
823 1902 865 1946 ne
901 1885 994 1945 velut
1067 1925 1068 1950 l

202 2011 227 2051 15
236 1983 319 2059 apud
335 1985 501 2044 saeculum
518 1985 662 2045 solitarie
678 1984 832 2046 derelicta
854 1991 886 2044 et
906 1982 995 2043 inter

237 2081 374 2142 ludaeos
405 2091 558 2141 extranea
588 2081 771 2156 videretur,
801 2097 885 2157 quae
916 2081 993 2141 ilico

235 2187 289 2237 tua
311 2177 501 2239 dulcissima
526 2179 711 2255 praesentia
739 2188 807 2239 erat
838 2179 992 2240 orbanda.

276 2276 406 2336 Placeat
436 2292 524 2337 nunc
555 2276 630 2352 tibi,
665 2277 718 2353 pia
749 2276 810 2337 Dei
841 2277 993 2352 genetrix

237 2371 357 2448 illaria,
385 2374 466 2434 haec
489 2373 545 2434 lilii
568 2374 614 2434 tui
637 2374 796 2434 ordinatio
825 2383 939 2434 sancta
961 2386 994 2434 et

199 2471 474 2533 accommendatio
502 2472 587 2531 bona
619 2472 722 2531 valde.
771 2470 911 2546 Suscipe
945 2472 993 2531 di-

235 2568 396 2644 scipulum
429 2570 516 2628 hunc
543 2569 643 2645 gratis
672 2569 862 2644 affectibuS,
891 2586 991 2645 quern

234 2665 409 2725 destinavit
430 2665 487 2726 tibi
510 2666 597 2727 lilius
618 2677 695 2727 tuus
715 2667 817 2726 lesus.
855 2664 920 2725 Hic
942 2676 993 2724 est

236 2761 399 2821 Iohannes
413 2765 591 2839 apostolus,
609 2763 701 2840 virgo
717 2764 842 2823 electus
857 2771 890 2822 et
905 2762 994 2822 inter

235 2868 363 2919 ceteros
384 2860 487 2936 magis
509 2860 664 2935 dilectus,
693 2858 839 2919 moribus
867 2858 992 2933 suavis,

198 2955 333 3021 asaffatu
355 2956 527 3033 benignus,
548 2958 640 3017 vultu
656 2956 873 3031 verecundus,
895 2968 989 3033 gestu

237 3053 415 3130 modestus,
436 3054 524 3114 victu
546 3055 686 3130 sobriuS,
707 3053 818 3114 habitu
844 3053 993 3129 humiliS,

235 3151 393 3228 obsequio
415 3161 526 3227 aptuS,
557 3151 710 3212 oboedire
742 3160 882 3228 paratus
927 3151 991 3212 Hic

235 3259 285 3308 est
306 3248 486 3324 discipulus
509 3248 763 3324 amantissimus,
788 3265 910 3325 genere
932 3249 990 3309 tibi

234 3355 400 3423 cognatus,
422 3346 508 3407 iarna
522 3347 639 3421 clarus,
661 3355 770 3406 mente
785 3362 898 3422 purus,
921 3363 991 3406 cor·

197 3461 313 3519 sopore
335 3443 519 3520 virgineuS,
550 3443 621 3503 Deo
643 3443 807 3518 placidus,
836 3444 990 3504 omnibus

235 3557 339 3616 carus,
361 3551 417 3600 tuo
432 3540 607 3616 consortio,
628 3550 732 3601 mater
747 3540 819 3615 Dei,
841 3558 901 3616 per
922 3558 990 3602 om·

595 3643 633 3686 1⁵2
