2152 4174
103 390 415 498 Μ
428 444 520 496 I,2,22.
533 389 849 498 W&

96 576 151 636 tibi
174 594 193 636 a
215 576 399 653 raptoribus
418 576 539 637 aulerri
562 586 594 637 et
609 577 759 654 dissipari
782 595 853 654 per·

95 673 214 734 misisti
238 676 423 751 exemplum
447 674 621 751 patientiae
641 691 699 751 per
721 676 783 734 hoc
798 675 853 734 tri·

94 773 201 831 buens
223 771 376 831 omnibus
398 771 549 832 iniuriam
572 772 787 849 patientibus,
811 789 853 832 ne

94 869 234 929 nimium
277 870 317 929 de
355 869 538 946 perditione
574 887 683 930 rerum
720 887 851 931 suarum

94 967 341 1028 contristentur.
863 964 877 1006 ⁵

270 1144 541 1222 [cnrnvuvn
568 1147 682 1223 xxm]

127 1289 175 1348 De
196 1288 374 1363 opprobriis
395 1288 586 1348 ludaeorum
608 1293 640 1348 et
654 1288 736 1365 sorti
753 1305 823 1364 per·

251 1386 432 1446 severantia
453 1387 524 1445 lesu
546 1387 580 1446 in
602 1402 702 1447 cruce.

96 1496 346 1717 &medico
362 1562 394 1613 et
408 1554 528 1631 gratias
543 1571 602 1632 ago
622 1554 690 1630 tibi,
714 1555 855 1615 Domine

231 1653 305 1712 lesu
337 1651 491 1727 Christe,
522 1653 628 1712 honor
651 1661 683 1712 et
709 1652 855 1712 iubilatio
868 1668 891 1708 ιο

96 1749 219 1809 civium
249 1765 485 1826 supernorum,
515 1766 573 1825 pro
605 1749 770 1810 universis
801 1766 856 1826 op·

96 1848 239 1924 probriis
268 1857 300 1908 et
326 1846 661 1924 blasphemationibus
683 1865 701 1906 a
723 1847 856 1924 perfidis

98 1946 229 2006 ludaeis
250 1947 307 2007 tibi
328 1948 362 2007 in
378 1965 475 2009 cruce
490 1948 695 2008 turbulenter
709 1947 856 2008 obiectis.

98 2042 227 2102 Etenim
264 2061 282 2104 a
316 2045 439 2106 maiore
476 2062 580 2122 usque
616 2045 655 2104 ad
695 2044 855 2105 minorem

97 2156 215 2200 omnes
236 2139 293 2200 tibi
317 2142 572 2202 adversabantur
593 2149 625 2201 et
642 2142 731 2201 velut
754 2127 855 2201 rabidi
868 2158 892 2199 15

97 2254 197 2297 canes
220 2237 259 2297 ad
275 2239 509 2299 corrodendam
525 2237 744 2298 innocentiam
768 2246 855 2297 tuam

97 2336 346 2396 concurrebant.
389 2336 456 2398 Ore
487 2336 618 2413 quidem
644 2336 801 2396 latrabant
822 2346 857 2396 ut

96 2451 215 2508 caneS‚
244 2433 396 2494 dentibus
426 2434 607 2494 fremebant
632 2443 667 2493 ut
689 2434 803 2493 leones
825 2443 857 2493 et

97 2531 183 2591 sicut
214 2540 386 2607 serpentes
417 2532 537 2610 linguis
568 2532 639 2592 suis
675 2531 856 2591 sibilabant.

98 2628 209 2689 Labiis
257 2629 517 2705 maledicebant,
567 2629 650 2689 facie
699 2629 892 2704 ridebant,ao

97 2726 250 2786 manibus
278 2726 490 2802 plaudebant,
521 2725 659 2802 pedibus
689 2725 856 2800 saltabant,

97 2825 197 2885 corde
219 2823 430 2899 laetabantur,
452 2823 528 2900 quia
549 2823 582 2883 in
603 2840 700 2884 cruce
722 2823 855 2883 affixum

97 2921 293 2996 cernebant,
322 2938 418 2998 quem
448 2921 520 2981 sine
546 2921 738 2981 iniuriarum
761 2938 856 2981 vexa·

97 3019 187 3079 tione
210 3018 292 3078 mori
315 3019 477 3079 nolebant.
515 3018 615 3096 Igitur
636 3018 691 3095 qui
715 3027 856 3095 praeter·

97 3117 206 3191 ibant,
237 3125 400 3192 tamquam
430 3125 577 3176 amentes
603 3125 635 3176 et
657 3115 777 3176 ebriosi
800 3117 892 3175 ho-as

98 3215 206 3274 mines
250 3213 475 3275 amaritudinis
516 3215 592 3275 ielle
634 3223 666 3274 et
714 3212 856 3273 invidiae

97 3329 227 3373 veneno
246 3311 361 3388 repleti
378 3299 542 3371 dementia
557 3311 661 3388 capita
676 3329 735 3371 sua
750 3310 856 3388 exagi-

97 3412 207 3471 tabant
230 3410 423 3469 clamantes:
446 3409 528 3484 Vah,
550 3409 604 3486 qui
621 3408 760 3469 destruit
774 3416 856 3468 tem-

97 3497 187 3584 plum
212 3507 273 3567 Dei
303 3515 335 3567 et
364 3506 397 3565 in
426 3505 533 3567 triduo
559 3506 638 3567 illud
661 3505 855 3566 reaedificat.

462 3611 500 3653 1³5
