2152 4174
225 424 972 534 ernfflffl

260 613 603 691 Osuperdulcissime
629 613 721 688 lesu,
750 611 805 690 qui
834 629 892 689 pro
921 629 977 672 me
1051 631 1056 641 ·

219 710 379 771 vilissimo
410 719 581 788 peccatore
610 709 768 771 acerrime
794 707 977 785 flagellatus

220 807 325 884 fuisti,
347 808 386 868 da
407 807 487 868 mihi
510 807 637 884 singula
658 807 822 884 plagarum
844 816 976 867 tuarum

219 907 290 966 loca
312 905 466 966 alllictivo
495 905 593 965 corde
621 905 768 981 aspicere
795 914 827 965 et
848 905 976 964 ardenti

195 1021 256 1065 sea
285 1004 458 1064 dilectione
488 1002 699 1063 devotissime
728 1003 767 1062 ab
793 1002 882 1062 intus
903 1019 977 1079 per·

218 1102 368 1178 osculari,
387 1101 472 1162 unde
488 1100 568 1161 milri
585 1101 717 1161 odorem
734 1101 818 1160 vitae
834 1100 976 1160 medica-

218 1209 431 1277 mentumque
453 1198 567 1258 salutis
588 1206 740 1258 aeternae
762 1197 868 1258 sentio
889 1214 976 1258 ema·

218 1314 306 1358 nare.
362 1296 515 1357 Accende
552 1313 604 1356 me
640 1296 754 1357 ardore
793 1296 975 1357 immensae

218 1395 402 1456 dilectionis
417 1405 501 1469 tuae,
521 1411 585 1470 qua
600 1410 652 1455 me
668 1395 821 1471 probatus
836 1411 874 1454 es
889 1412 976 1454 ama·

184 1493 323 1569 iuvisse,
353 1509 426 1552 cum
456 1502 502 1553 tot
534 1491 733 1569 flagellorum
763 1493 901 1553 verbera
930 1493 976 1553 di-

218 1600 334 1665 gnatus
356 1607 393 1650 es
414 1605 472 1665 pro
495 1588 645 1648 damnato
668 1605 764 1649 servo
780 1600 835 1650 tuo
850 1590 976 1667 patien-

218 1687 344 1747 tissime
365 1686 513 1746 tolerare.
547 1684 673 1747 Conler
689 1686 884 1748 adiutorium
905 1706 976 1765 gra·

213 1786 281 1846 tiae
302 1794 377 1846 tuae
400 1783 577 1844 infirmitati
594 1801 697 1860 meae,
719 1785 974 1860 superveniente

218 1881 435 1942 tribulationis
458 1899 574 1958 onere,
596 1900 638 1943 ne
660 1882 803 1943 violenta
824 1884 976 1945 molestia

184 1995 352 2055 repressus
367 1979 488 2039 deiciar
498 1989 552 2040 aut
563 1979 745 2041 inordinate
756 1996 976 2055 commovear,

217 2076 275 2136 sed
307 2094 433 2137 memor
463 2077 689 2154 flagellationis
724 2087 799 2138 tuae
832 2078 975 2138 iniustae

217 2174 255 2234 ad
278 2176 387 2235 omnia
400 2175 587 2252 gravamina
602 2176 796 2236 mitissimus
813 2174 975 2235 inveniar.

217 2272 278 2333 Fac
308 2289 360 2332 me
390 2271 434 2332 tui
465 2273 497 2332 in
526 2274 694 2334 tolerando
722 2272 914 2350 participem
942 2283 976 2332 et

217 2370 357 2431 liliorum
401 2369 537 2446 flagellis
573 2371 677 2431 excita
715 2370 753 2430 ad
790 2369 976 2445 emendam,

180 2480 377 2546 anquatenus
396 2467 563 2528 humiliter
579 2469 752 2545 castigatus
773 2467 894 2544 gratior
914 2467 975 2527 tibi
1073 2535 1074 2547 χ

216 2566 249 2625 in
267 2565 430 2642 praesenti
447 2564 572 2626 efficiar
586 2575 734 2642 tempore
749 2582 785 2625 ac
800 2564 979 2642 gloriosior

216 2673 323 2723 tecum
347 2662 488 2723 exultem
511 2663 544 2723 in
561 2664 679 2738 futuro,
701 2663 755 2722 ubi
772 2663 880 2723 cuncti
895 2680 974 2740 gau·

216 2761 292 2821 dent
314 2761 416 2821 sancti
440 2760 479 2820 de
501 2762 637 2837 perenni
667 2761 840 2838 patientiae
865 2760 975 2837 palma
1072 2757 1073 2778 ¹

216 2857 303 2916 omni
327 2857 485 2918 malorum
509 2858 683 2918 Formidine
706 2858 839 2919 sublata.
