2142 4172
237 445 991 564 &Quaem

437 708 708 785 [carravavn
731 711 798 788 vn]

237 853 348 915 Oratio
380 873 439 932 pro
469 858 648 918 devotionis
676 859 782 934 gratia
813 859 847 919 in
880 859 990 920 divino

235 953 343 1029 officio
375 953 575 1030 impetrando
607 961 639 1016 et
671 957 775 1017 alacri
805 957 904 1017 laude
934 974 990 1017 on·

450 1054 592 1128 gelorum
615 1054 649 1114 in
671 1055 770 1114 coelo.

271 1224 317 1305 ῤ’
386 1222 499 1283 doctor
533 1223 701 1284 doctorum
737 1223 990 1300 sapientissime,

244 1356 257 1375 t
383 1339 401 1380 o
431 1322 576 1382 omnium
608 1323 809 1383 medicorum
837 1321 992 1398 magister

235 1418 366 1494 optime,
389 1418 529 1495 Spiritus
549 1431 661 1481 sancte
681 1421 845 1498 paraclite,
867 1430 902 1481 tu
925 1437 990 1480 uno

235 1517 335 1577 verbo
364 1527 396 1578 et
423 1518 457 1603 in
485 1529 652 1580 momento
675 1529 768 1596 potes
790 1518 915 1578 inscios
937 1519 991 1578 do·

236 1632 310 1675 cere
346 1625 378 1676 et
413 1633 528 1677 omnes
563 1617 737 1694 languores
777 1617 924 1693 corporis
961 1625 992 1676 et

201 1741 225 1781 10
235 1713 362 1774 animae
383 1714 528 1790 perfecte
548 1731 673 1774 sanare.
701 1713 835 1790 Adesto,
857 1731 992 1791 quaeso,

235 1811 314 1870 mihi
337 1811 496 1887 propitius
523 1811 667 1871 inomni
692 1813 763 1872 loco
789 1821 822 1872 et
843 1822 992 1888 tempore

235 1916 267 1967 et
301 1908 485 1969 devotionis
520 1909 653 1986 gratiam
684 1909 718 1969 in
749 1910 888 1985 orando,
924 1927 992 1970 me·

235 2004 382 2081 ditando,
411 2007 569 2067 cantando
591 2017 623 2067 et
644 2006 781 2084 legendo
804 2006 892 2066 cordi
916 2023 992 2066 meo

234 2105 413 2165 clementer
433 2104 587 2181 infunde,
615 2114 650 2165 ut
670 2104 793 2181 possim
819 2105 937 2165 devote
960 2115 993 2165 et

201 2212 354 2271 15attente
390 2204 488 2264 horas
517 2220 608 2264 meas
641 2221 678 2263 ac
709 2213 783 2263 vota
813 2203 992 2279 complere,

235 2301 311 2378 quia
332 2301 404 2361 sine
425 2311 457 2361 te
478 2318 595 2377 preces
616 2317 732 2360 omnes
753 2317 866 2361 cassae
889 2311 921 2360 et
943 2301 993 2360 in-

235 2399 350 2476 dignae
383 2399 443 2458 Dei
473 2397 606 2458 auribus
634 2397 812 2458 creduntur
840 2414 929 2471 esse,
958 2409 992 2457 et

235 2497 307 2557 sine
336 2506 367 2557 te
393 2497 474 2557 nihil
504 2495 579 2556 boni
609 2496 702 2556 valeo
730 2496 899 2572 perficere.
942 2493 991 2554 Tu

235 2612 311 2673 ergo
341 2595 456 2671 supple
477 2610 535 2670 pro
564 2611 617 2654 me
645 2610 704 2670 per
728 2593 862 2670 gratiam
892 2603 993 2668 tuam,

199 2693 267 2753 zoin
304 2692 565 2769 quibuscumque
605 2691 721 2752 deficio
760 2709 819 2768 per
855 2691 993 2751 infirmi-

235 2800 332 2851 tatem
361 2807 477 2851 meam.
524 2789 625 2866 lgitur
653 2799 765 2850 contra
793 2800 991 2849 nocturnum

235 2889 385 2949 timorem
408 2898 440 2948 et
454 2887 572 2948 diaboli
588 2887 831 2963 temptationem
848 2887 888 2948 da
909 2887 992 2947 mihi

237 2986 310 3047 ildei
333 2987 454 3047 donum
477 2995 509 3046 et
528 2994 659 3045 sanctae
675 2984 782 3045 crucis
796 2985 891 3061 signo
911 2993 994 3044 tam-

236 3102 331 3162 quam
360 3083 541 3144 invincibili
570 3092 663 3143 scuto
689 3100 742 3142 me
770 3091 921 3159 protege,
950 3099 994 3141 ne

199 3183 420 3258 25praevaleat
437 3190 549 3241 contra
563 3198 615 3240 me
631 3181 735 3241 hostis
750 3179 923 3257 malignus,
945 3179 995 3238 in-

236 3280 371 3341 sidiator
385 3280 511 3340 animae
526 3296 619 3339 meae
634 3278 687 3339 hic
705 3288 737 3338 et
752 3277 883 3354 ubique.
904 3276 995 3338 Con·

236 3387 285 3437 tra
306 3378 419 3454 longas
433 3377 539 3437 noctis
553 3376 680 3453 vigilias
696 3393 769 3436 cum
791 3375 996 3452 longioribus

237 3475 432 3535 lectionibus
447 3475 487 3534 da
502 3474 581 3534 mihi
598 3490 747 3551 pensare,
764 3490 860 3551 quam
877 3490 997 3550 magna

237 3571 380 3647 praemia
394 3589 481 3631 nunc
496 3589 630 3648 possum
641 3572 820 3648 promereri
837 3571 996 3632 incaelis.

595 3676 638 3719 asa
