<?xml version="1.0" encoding="UTF-8"?>
<!DOCTYPE html PUBLIC "-//W3C//DTD XHTML 1.0 Transitional//EN"
    "http://www.w3.org/TR/xhtml1/DTD/xhtml1-transitional.dtd">
<html xmlns="http://www.w3.org/1999/xhtml" xml:lang="en" lang="en">
 <head>
  <title>
</title>
<meta http-equiv="Content-Type" content="text/html;charset=utf-8" />
  <meta name='ocr-system' content='tesseract 3.04.00' />
  <meta name='ocr-capabilities' content='ocr_page ocr_carea ocr_par ocr_line ocrx_word'/>
</head>
<body>
  <div class='ocr_page' id='page_1' title='image "./thomaehemerkena02pohlgoog_0322.png"; bbox 0 0 2142 4172; ppageno 0'>
   <div class='ocr_carea' id='block_1_1' title="bbox 100 645 897 3557">
    <p class='ocr_par' dir='ltr' id='par_1_1' title="bbox 101 645 861 902">
     <span class='ocr_line' id='line_1_1' title="bbox 101 645 861 721; baseline -0.004 -14"><span class='ocrx_word' id='word_1_1' title='bbox 101 646 240 708; x_wconf 89' lang='lat' dir='ltr'><strong>dissolvi</strong></span> <span class='ocrx_word' id='word_1_2' title='bbox 270 654 303 706; x_wconf 90' lang='lat' dir='ltr'><strong>et</strong></span> <span class='ocrx_word' id='word_1_3' title='bbox 330 654 437 706; x_wconf 93' lang='lat' dir='ltr'><strong>tecum</strong></span> <span class='ocrx_word' id='word_1_4' title='bbox 460 645 543 706; x_wconf 94' lang='lat' dir='ltr'><strong>mori</strong></span> <span class='ocrx_word' id='word_1_5' title='bbox 571 645 605 705; x_wconf 93' lang='lat' dir='ltr'><strong>in</strong></span> <span class='ocrx_word' id='word_1_6' title='bbox 629 662 727 705; x_wconf 91' lang='lat' dir='ltr'><strong>cruce</strong></span> <span class='ocrx_word' id='word_1_7' title='bbox 748 655 781 705; x_wconf 91' lang='lat' dir='ltr'><strong>et</strong></span> <span class='ocrx_word' id='word_1_8' title='bbox 802 661 861 721; x_wconf 93' lang='lat' dir='ltr'><strong>per</strong></span> 
     </span>
     <span class='ocr_line' id='line_1_2' title="bbox 101 742 859 820; baseline -0.005 -15"><span class='ocrx_word' id='word_1_9' title='bbox 101 745 241 805; x_wconf 91' lang='lat' dir='ltr'><strong>vulnera</strong></span> <span class='ocrx_word' id='word_1_10' title='bbox 271 753 325 803; x_wconf 94' lang='lat' dir='ltr'><strong>tua</strong></span> <span class='ocrx_word' id='word_1_11' title='bbox 360 761 378 802; x_wconf 99' lang='lat' dir='ltr'><strong>a</strong></span> <span class='ocrx_word' id='word_1_12' title='bbox 412 743 554 820; x_wconf 89' lang='lat' dir='ltr'><strong>peccatis</strong></span> <span class='ocrx_word' id='word_1_13' title='bbox 589 743 718 820; x_wconf 92' lang='lat' dir='ltr'><strong>purgari</strong></span> <span class='ocrx_word' id='word_1_14' title='bbox 754 751 786 802; x_wconf 93' lang='lat' dir='ltr'><strong>et</strong></span> <span class='ocrx_word' id='word_1_15' title='bbox 820 742 859 801; x_wconf 89' lang='lat' dir='ltr'><strong>ab</strong></span> 
     </span>
     <span class='ocr_line' id='line_1_3' title="bbox 101 841 526 902; baseline -0.002 -1"><span class='ocrx_word' id='word_1_16' title='bbox 101 851 237 902; x_wconf 86' lang='lat' dir='ltr'><strong>aeterna</strong></span> <span class='ocrx_word' id='word_1_17' title='bbox 257 850 361 901; x_wconf 96' lang='lat' dir='ltr'><strong>morte</strong></span> <span class='ocrx_word' id='word_1_18' title='bbox 385 841 526 900; x_wconf 90' lang='lat' dir='ltr'><strong>liberari.</strong></span> 
     </span>
    </p>

    <p class='ocr_par' dir='ltr' id='par_1_2' title="bbox 100 938 897 2661">
     <span class='ocr_line' id='line_1_4' title="bbox 148 938 858 1013; baseline 0 -15"><span class='ocrx_word' id='word_1_19' title='bbox 148 940 238 999; x_wconf 89' lang='lat' dir='ltr'><strong>Deus</strong></span> <span class='ocrx_word' id='word_1_20' title='bbox 266 955 361 1001; x_wconf 90' lang='lat' dir='ltr'><strong>meus</strong></span> <span class='ocrx_word' id='word_1_21' title='bbox 389 955 426 999; x_wconf 90' lang='lat' dir='ltr'><strong>es</strong></span> <span class='ocrx_word' id='word_1_22' title='bbox 456 947 508 1013; x_wconf 93' lang='lat' dir='ltr'><strong>tu,</strong></span> <span class='ocrx_word' id='word_1_23' title='bbox 539 947 571 998; x_wconf 91' lang='lat' dir='ltr'><strong>et</strong></span> <span class='ocrx_word' id='word_1_24' title='bbox 599 938 779 999; x_wconf 90' lang='lat' dir='ltr'><strong>confitebor</strong></span> <span class='ocrx_word' id='word_1_25' title='bbox 802 938 858 998; x_wconf 91' lang='lat' dir='ltr'><strong>tibi</strong></span> 
     </span>
     <span class='ocr_line' id='line_1_5' title="bbox 101 1035 883 1112; baseline 0 -16"><span class='ocrx_word' id='word_1_26' title='bbox 101 1046 237 1112; x_wconf 88' lang='lat' dir='ltr'><strong>peccata</strong></span> <span class='ocrx_word' id='word_1_27' title='bbox 251 1052 334 1111; x_wconf 87' lang='lat' dir='ltr'><strong>mea,</strong></span> <span class='ocrx_word' id='word_1_28' title='bbox 355 1051 434 1094; x_wconf 90' lang='lat' dir='ltr'><strong>sana</strong></span> <span class='ocrx_word' id='word_1_29' title='bbox 449 1052 502 1095; x_wconf 93' lang='lat' dir='ltr'><strong>me</strong></span> <span class='ocrx_word' id='word_1_30' title='bbox 523 1051 583 1110; x_wconf 91' lang='lat' dir='ltr'><strong>per</strong></span> <span class='ocrx_word' id='word_1_31' title='bbox 598 1044 710 1095; x_wconf 90' lang='lat' dir='ltr'><strong>sancta</strong></span> <span class='ocrx_word' id='word_1_32' title='bbox 724 1035 883 1096; x_wconf 78' lang='lat' dir='ltr'><strong>vulneras</strong></span> 
     </span>
     <span class='ocr_line' id='line_1_6' title="bbox 100 1131 860 1209; baseline -0.003 -15"><span class='ocrx_word' id='word_1_33' title='bbox 100 1143 160 1194; x_wconf 94' lang='lat' dir='ltr'><strong>tua</strong></span> <span class='ocrx_word' id='word_1_34' title='bbox 189 1151 247 1209; x_wconf 92' lang='lat' dir='ltr'><strong>pro</strong></span> <span class='ocrx_word' id='word_1_35' title='bbox 275 1149 329 1193; x_wconf 91' lang='lat' dir='ltr'><strong>me</strong></span> <span class='ocrx_word' id='word_1_36' title='bbox 357 1132 414 1192; x_wconf 94' lang='lat' dir='ltr'><strong>tibi</strong></span> <span class='ocrx_word' id='word_1_37' title='bbox 446 1132 564 1193; x_wconf 88' lang='lat' dir='ltr'><strong>acriter</strong></span> <span class='ocrx_word' id='word_1_38' title='bbox 594 1133 725 1192; x_wconf 84' lang='lat' dir='ltr'><strong>inflicta.</strong></span> <span class='ocrx_word' id='word_1_39' title='bbox 775 1131 860 1208; x_wconf 88' lang='lat' dir='ltr'><strong>Quis</strong></span> 
     </span>
     <span class='ocr_line' id='line_1_7' title="bbox 102 1229 860 1308; baseline -0.001 -16"><span class='ocrx_word' id='word_1_40' title='bbox 102 1233 192 1292; x_wconf 92' lang='lat' dir='ltr'><strong>enim</strong></span> <span class='ocrx_word' id='word_1_41' title='bbox 222 1248 274 1291; x_wconf 95' lang='lat' dir='ltr'><strong>me</strong></span> <span class='ocrx_word' id='word_1_42' title='bbox 303 1230 492 1291; x_wconf 87' lang='lat' dir='ltr'>emundabit</span> <span class='ocrx_word' id='word_1_43' title='bbox 520 1231 559 1290; x_wconf 90' lang='lat' dir='ltr'><strong>ab</strong></span> <span class='ocrx_word' id='word_1_44' title='bbox 590 1229 745 1308; x_wconf 92' lang='lat' dir='ltr'><strong>omnibus</strong></span> <span class='ocrx_word' id='word_1_45' title='bbox 765 1231 860 1291; x_wconf 90' lang='lat' dir='ltr'><strong>malis</strong></span> 
     </span>
     <span class='ocr_line' id='line_1_8' title="bbox 102 1327 860 1405; baseline -0.001 -16"><span class='ocrx_word' id='word_1_46' title='bbox 102 1339 138 1390; x_wconf 91' lang='lat' dir='ltr'><strong>et</strong></span> <span class='ocrx_word' id='word_1_47' title='bbox 158 1327 373 1405; x_wconf 87' lang='lat' dir='ltr'><strong>neglegentiis</strong></span> <span class='ocrx_word' id='word_1_48' title='bbox 395 1327 478 1387; x_wconf 91' lang='lat' dir='ltr'><strong>meis</strong></span> <span class='ocrx_word' id='word_1_49' title='bbox 500 1327 564 1387; x_wconf 92' lang='lat' dir='ltr'><strong>nisi</strong></span> <span class='ocrx_word' id='word_1_50' title='bbox 587 1337 623 1388; x_wconf 96' lang='lat' dir='ltr'><strong>tu</strong></span> <span class='ocrx_word' id='word_1_51' title='bbox 645 1327 736 1387; x_wconf 93' lang='lat' dir='ltr'><strong>solus</strong></span> <span class='ocrx_word' id='word_1_52' title='bbox 759 1329 860 1404; x_wconf 88' lang='lat' dir='ltr'><strong>Deus,</strong></span> 
     </span>
     <span class='ocr_line' id='line_1_9' title="bbox 102 1424 861 1502; baseline -0.003 -15"><span class='ocrx_word' id='word_1_53' title='bbox 102 1427 291 1502; x_wconf 88' lang='lat' dir='ltr'><strong>redemptor</strong></span> <span class='ocrx_word' id='word_1_54' title='bbox 322 1442 417 1485; x_wconf 92' lang='lat' dir='ltr'><strong>meus</strong></span> <span class='ocrx_word' id='word_1_55' title='bbox 449 1442 508 1502; x_wconf 92' lang='lat' dir='ltr'><strong>pro</strong></span> <span class='ocrx_word' id='word_1_56' title='bbox 538 1442 591 1485; x_wconf 91' lang='lat' dir='ltr'><strong>me</strong></span> <span class='ocrx_word' id='word_1_57' title='bbox 622 1424 798 1485; x_wconf 87' lang='lat' dir='ltr'><strong>crucifixus</strong></span> <span class='ocrx_word' id='word_1_58' title='bbox 829 1435 861 1486; x_wconf 96' lang='lat' dir='ltr'><strong>et</strong></span> 
     </span>
     <span class='ocr_line' id='line_1_10' title="bbox 103 1521 896 1600; baseline -0.001 -16"><span class='ocrx_word' id='word_1_59' title='bbox 103 1522 216 1584; x_wconf 93' lang='lat' dir='ltr'><strong>multis</strong></span> <span class='ocrx_word' id='word_1_60' title='bbox 250 1521 354 1599; x_wconf 89' lang='lat' dir='ltr'><strong>plagis</strong></span> <span class='ocrx_word' id='word_1_61' title='bbox 385 1523 602 1583; x_wconf 80' lang='lat' dir='ltr'><strong>vulneratus?</strong></span> <span class='ocrx_word' id='word_1_62' title='bbox 654 1523 742 1583; x_wconf 86' lang='lat' dir='ltr'><strong>Inter</strong></span> <span class='ocrx_word' id='word_1_63' title='bbox 776 1541 860 1600; x_wconf 90' lang='lat' dir='ltr'><strong>quae</strong></span> <span class='ocrx_word' id='word_1_64' title='bbox 872 1535 896 1576; x_wconf 90' lang='lat'><strong>10</strong></span> 
     </span>
     <span class='ocr_line' id='line_1_11' title="bbox 102 1619 861 1698; baseline 0.001 -17"><span class='ocrx_word' id='word_1_65' title='bbox 102 1619 291 1698; x_wconf 86' lang='lat' dir='ltr'><strong>specialiter</strong></span> <span class='ocrx_word' id='word_1_66' title='bbox 318 1619 480 1695; x_wconf 88' lang='lat' dir='ltr'><strong>eminent,</strong></span> <span class='ocrx_word' id='word_1_67' title='bbox 508 1620 657 1680; x_wconf 88' lang='lat' dir='ltr'><strong>redolent</strong></span> <span class='ocrx_word' id='word_1_68' title='bbox 682 1628 715 1680; x_wconf 96' lang='lat' dir='ltr'><strong>et</strong></span> <span class='ocrx_word' id='word_1_69' title='bbox 737 1621 861 1698; x_wconf 84' lang='lat' dir='ltr'><strong>fulgent</strong></span> 
     </span>
     <span class='ocr_line' id='line_1_12' title="bbox 102 1718 862 1796; baseline -0.001 -17"><span class='ocrx_word' id='word_1_70' title='bbox 102 1719 249 1796; x_wconf 91' lang='lat' dir='ltr'><strong>quinque</strong></span> <span class='ocrx_word' id='word_1_71' title='bbox 278 1718 421 1794; x_wconf 91' lang='lat' dir='ltr'><strong>pretiosa</strong></span> <span class='ocrx_word' id='word_1_72' title='bbox 447 1718 585 1778; x_wconf 91' lang='lat' dir='ltr'><strong>vulnera</strong></span> <span class='ocrx_word' id='word_1_73' title='bbox 614 1726 669 1778; x_wconf 90' lang='lat' dir='ltr'><strong>tua</strong></span> <span class='ocrx_word' id='word_1_74' title='bbox 698 1719 801 1779; x_wconf 51' lang='lat' dir='ltr'><strong>‘clavis</strong></span> <span class='ocrx_word' id='word_1_75' title='bbox 829 1727 862 1779; x_wconf 91' lang='lat' dir='ltr'><strong>et</strong></span> 
     </span>
     <span class='ocr_line' id='line_1_13' title="bbox 103 1817 862 1895; baseline -0.001 -17"><span class='ocrx_word' id='word_1_76' title='bbox 103 1819 217 1878; x_wconf 86' lang='lat' dir='ltr'><strong>lancea</strong></span> <span class='ocrx_word' id='word_1_77' title='bbox 239 1819 418 1895; x_wconf 90' lang='lat' dir='ltr'><strong>perforata,</strong></span> <span class='ocrx_word' id='word_1_78' title='bbox 446 1827 609 1895; x_wconf 89' lang='lat' dir='ltr'><strong>tamquam</strong></span> <span class='ocrx_word' id='word_1_79' title='bbox 634 1818 735 1878; x_wconf 90' lang='lat' dir='ltr'><strong>rubea</strong></span> <span class='ocrx_word' id='word_1_80' title='bbox 756 1817 862 1894; x_wconf 91' lang='lat' dir='ltr'><strong>sigilla</strong></span> 
     </span>
     <span class='ocr_line' id='line_1_14' title="bbox 102 1914 862 1993; baseline -0.001 -17"><span class='ocrx_word' id='word_1_81' title='bbox 102 1916 177 1993; x_wconf 86' lang='lat' dir='ltr'><strong>agni</strong></span> <span class='ocrx_word' id='word_1_82' title='bbox 200 1915 262 1976; x_wconf 86' lang='lat' dir='ltr'><strong>Dei</strong></span> <span class='ocrx_word' id='word_1_83' title='bbox 292 1932 408 1975; x_wconf 91' lang='lat' dir='ltr'><strong>cruore</strong></span> <span class='ocrx_word' id='word_1_84' title='bbox 431 1916 589 1991; x_wconf 87' lang='lat' dir='ltr'><strong>colorata,</strong></span> <span class='ocrx_word' id='word_1_85' title='bbox 617 1914 718 1975; x_wconf 91' lang='lat' dir='ltr'><strong>divini</strong></span> <span class='ocrx_word' id='word_1_86' title='bbox 741 1915 862 1975; x_wconf 91' lang='lat' dir='ltr'><strong>amoris</strong></span> 
     </span>
     <span class='ocr_line' id='line_1_15' title="bbox 103 2012 897 2090; baseline -0.01 -16"><span class='ocrx_word' id='word_1_87' title='bbox 103 2014 237 2074; x_wconf 90' lang='lat' dir='ltr'><strong>stimulo</strong></span> <span class='ocrx_word' id='word_1_88' title='bbox 266 2013 401 2090; x_wconf 90' lang='lat' dir='ltr'><strong>figurata</strong></span> <span class='ocrx_word' id='word_1_89' title='bbox 423 2022 455 2073; x_wconf 99' lang='lat' dir='ltr'><strong>et</strong></span> <span class='ocrx_word' id='word_1_90' title='bbox 483 2022 646 2090; x_wconf 93' lang='lat' dir='ltr'><strong>tamquam</strong></span> <span class='ocrx_word' id='word_1_91' title='bbox 674 2012 862 2074; x_wconf 83' lang='lat' dir='ltr'><strong>firmissima</strong></span> <span class='ocrx_word' id='word_1_92' title='bbox 872 2026 897 2066; x_wconf 89' lang='lat'><strong>15</strong></span> 
     </span>
     <span class='ocr_line' id='line_1_16' title="bbox 103 2110 861 2187; baseline -0.003 -15"><span class='ocrx_word' id='word_1_93' title='bbox 103 2122 256 2174; x_wconf 80' lang='lat' dir='ltr'><strong>aeternae</strong></span> <span class='ocrx_word' id='word_1_94' title='bbox 296 2111 531 2187; x_wconf 88' lang='lat' dir='ltr'><strong>redemptionis</strong></span> <span class='ocrx_word' id='word_1_95' title='bbox 566 2127 659 2170; x_wconf 91' lang='lat' dir='ltr'><strong>meae</strong></span> <span class='ocrx_word' id='word_1_96' title='bbox 695 2110 861 2187; x_wconf 93' lang='lat' dir='ltr'><strong>signacula</strong></span> 
     </span>
     <span class='ocr_line' id='line_1_17' title="bbox 103 2209 860 2286; baseline -0.001 -17"><span class='ocrx_word' id='word_1_97' title='bbox 103 2219 216 2269; x_wconf 89' lang='lat' dir='ltr'><strong>sancta</strong></span> <span class='ocrx_word' id='word_1_98' title='bbox 237 2226 414 2286; x_wconf 84' lang='lat' dir='ltr'><strong>numquam</strong></span> <span class='ocrx_word' id='word_1_99' title='bbox 431 2209 585 2284; x_wconf 84' lang='lat' dir='ltr'><strong>delenda3</strong></span> <span class='ocrx_word' id='word_1_100' title='bbox 607 2209 665 2269; x_wconf 93' lang='lat' dir='ltr'><strong>sed</strong></span> <span class='ocrx_word' id='word_1_101' title='bbox 681 2209 769 2268; x_wconf 92' lang='lat' dir='ltr'><strong>omni</strong></span> <span class='ocrx_word' id='word_1_102' title='bbox 791 2227 860 2286; x_wconf 91' lang='lat' dir='ltr'><strong>gra·</strong></span> 
     </span>
     <span class='ocr_line' id='line_1_18' title="bbox 102 2305 861 2382; baseline 0 -16"><span class='ocrx_word' id='word_1_103' title='bbox 102 2306 148 2366; x_wconf 94' lang='lat' dir='ltr'><strong>tia</strong></span> <span class='ocrx_word' id='word_1_104' title='bbox 170 2316 202 2367; x_wconf 93' lang='lat' dir='ltr'><strong>et</strong></span> <span class='ocrx_word' id='word_1_105' title='bbox 223 2307 396 2367; x_wconf 89' lang='lat' dir='ltr'><strong>dulcedine</strong></span> <span class='ocrx_word' id='word_1_106' title='bbox 418 2308 530 2382; x_wconf 91' lang='lat' dir='ltr'><strong>plena,</strong></span> <span class='ocrx_word' id='word_1_107' title='bbox 552 2305 632 2365; x_wconf 93' lang='lat' dir='ltr'><strong>mihi</strong></span> <span class='ocrx_word' id='word_1_108' title='bbox 655 2313 687 2365; x_wconf 99' lang='lat' dir='ltr'><strong>et</strong></span> <span class='ocrx_word' id='word_1_109' title='bbox 708 2305 861 2366; x_wconf 92' lang='lat' dir='ltr'><strong>omnibus</strong></span> 
     </span>
     <span class='ocr_line' id='line_1_19' title="bbox 104 2403 858 2465; baseline 0.001 -2"><span class='ocrx_word' id='word_1_110' title='bbox 104 2403 255 2465; x_wconf 88' lang='lat' dir='ltr'><strong>fidelibus</strong></span> <span class='ocrx_word' id='word_1_111' title='bbox 286 2405 326 2464; x_wconf 93' lang='lat' dir='ltr'><strong>ad</strong></span> <span class='ocrx_word' id='word_1_112' title='bbox 357 2404 569 2464; x_wconf 92' lang='lat' dir='ltr'><strong>osculandum</strong></span> <span class='ocrx_word' id='word_1_113' title='bbox 602 2413 634 2463; x_wconf 93' lang='lat' dir='ltr'><strong>et</strong></span> <span class='ocrx_word' id='word_1_114' title='bbox 666 2403 858 2464; x_wconf 92' lang='lat' dir='ltr'><strong>intuendum</strong></span> 
     </span>
     <span class='ocr_line' id='line_1_20' title="bbox 103 2501 895 2578; baseline -0.005 -17"><span class='ocrx_word' id='word_1_115' title='bbox 103 2501 209 2561; x_wconf 89' lang='lat' dir='ltr'><strong>oculis</strong></span> <span class='ocrx_word' id='word_1_116' title='bbox 239 2501 359 2563; x_wconf 91' lang='lat' dir='ltr'><strong>mentis</strong></span> <span class='ocrx_word' id='word_1_117' title='bbox 390 2512 500 2578; x_wconf 92' lang='lat' dir='ltr'><strong>aperta</strong></span> <span class='ocrx_word' id='word_1_118' title='bbox 534 2510 566 2561; x_wconf 92' lang='lat' dir='ltr'><strong>et</strong></span> <span class='ocrx_word' id='word_1_119' title='bbox 600 2502 639 2561; x_wconf 93' lang='lat' dir='ltr'><strong>ad</strong></span> <span class='ocrx_word' id='word_1_120' title='bbox 674 2501 895 2562; x_wconf 81' lang='lat' dir='ltr'><strong>intrandumao</strong></span> 
     </span>
     <span class='ocr_line' id='line_1_21' title="bbox 104 2598 859 2661; baseline 0.003 -2"><span class='ocrx_word' id='word_1_121' title='bbox 104 2599 268 2659; x_wconf 90' lang='lat' dir='ltr'><strong>caelorum</strong></span> <span class='ocrx_word' id='word_1_122' title='bbox 284 2608 412 2660; x_wconf 88' lang='lat' dir='ltr'><strong>secreta</strong></span> <span class='ocrx_word' id='word_1_123' title='bbox 433 2598 676 2659; x_wconf 89' lang='lat' dir='ltr'><strong>lacrimantibus</strong></span> <span class='ocrx_word' id='word_1_124' title='bbox 692 2616 859 2661; x_wconf 88' lang='lat' dir='ltr'><strong>concessa.</strong></span> 
     </span>
    </p>

    <p class='ocr_par' dir='ltr' id='par_1_3' title="bbox 100 2696 894 3557">
     <span class='ocr_line' id='line_1_22' title="bbox 145 2696 860 2776; baseline 0.001 -18"><span class='ocrx_word' id='word_1_125' title='bbox 145 2698 248 2773; x_wconf 89' lang='lat' dir='ltr'><strong>Intra,</strong></span> <span class='ocrx_word' id='word_1_126' title='bbox 279 2697 363 2757; x_wconf 92' lang='lat' dir='ltr'><strong>intra</strong></span> <span class='ocrx_word' id='word_1_127' title='bbox 393 2696 611 2772; x_wconf 87' lang='lat' dir='ltr'><strong>confidenter,</strong></span> <span class='ocrx_word' id='word_1_128' title='bbox 642 2697 749 2757; x_wconf 89' lang='lat' dir='ltr'><strong>anima</strong></span> <span class='ocrx_word' id='word_1_129' title='bbox 777 2716 860 2776; x_wconf 93' lang='lat' dir='ltr'><strong>mea,</strong></span> 
     </span>
     <span class='ocr_line' id='line_1_23' title="bbox 103 2794 860 2872; baseline 0.003 -17"><span class='ocrx_word' id='word_1_130' title='bbox 103 2813 163 2872; x_wconf 93' lang='lat' dir='ltr'><strong>per</strong></span> <span class='ocrx_word' id='word_1_131' title='bbox 189 2795 317 2855; x_wconf 93' lang='lat' dir='ltr'><strong>viscera</strong></span> <span class='ocrx_word' id='word_1_132' title='bbox 345 2794 589 2855; x_wconf 90' lang='lat' dir='ltr'><strong>misericordiae</strong></span> <span class='ocrx_word' id='word_1_133' title='bbox 614 2795 675 2855; x_wconf 87' lang='lat' dir='ltr'><strong>Dei</strong></span> <span class='ocrx_word' id='word_1_134' title='bbox 706 2796 753 2855; x_wconf 96' lang='lat' dir='ltr'><strong>tui</strong></span> <span class='ocrx_word' id='word_1_135' title='bbox 782 2814 860 2872; x_wconf 92' lang='lat' dir='ltr'><strong>pen·</strong></span> 
     </span>
     <span class='ocr_line' id='line_1_24' title="bbox 103 2891 859 2968; baseline 0.001 -15"><span class='ocrx_word' id='word_1_136' title='bbox 103 2891 211 2952; x_wconf 92' lang='lat' dir='ltr'><strong>dentis</strong></span> <span class='ocrx_word' id='word_1_137' title='bbox 240 2891 273 2951; x_wconf 96' lang='lat' dir='ltr'><strong>in</strong></span> <span class='ocrx_word' id='word_1_138' title='bbox 296 2908 410 2967; x_wconf 83' lang='lat' dir='ltr'><strong>cruce3</strong></span> <span class='ocrx_word' id='word_1_139' title='bbox 439 2891 522 2950; x_wconf 92' lang='lat' dir='ltr'><strong>intra</strong></span> <span class='ocrx_word' id='word_1_140' title='bbox 550 2891 583 2951; x_wconf 91' lang='lat' dir='ltr'><strong>in</strong></span> <span class='ocrx_word' id='word_1_141' title='bbox 609 2892 769 2968; x_wconf 92' lang='lat' dir='ltr'><strong>profunda</strong></span> <span class='ocrx_word' id='word_1_142' title='bbox 790 2895 859 2954; x_wconf 92' lang='lat' dir='ltr'><strong>vul·</strong></span> 
     </span>
     <span class='ocr_line' id='line_1_25' title="bbox 102 2989 894 3051; baseline -0.004 -1"><span class='ocrx_word' id='word_1_143' title='bbox 102 3007 219 3050; x_wconf 92' lang='lat' dir='ltr'><strong>nerum</strong></span> <span class='ocrx_word' id='word_1_144' title='bbox 241 2989 314 3049; x_wconf 92' lang='lat' dir='ltr'><strong>eius</strong></span> <span class='ocrx_word' id='word_1_145' title='bbox 337 2989 496 3050; x_wconf 84' lang='lat' dir='ltr'><strong>foramina</strong></span> <span class='ocrx_word' id='word_1_146' title='bbox 517 3007 535 3049; x_wconf 97' lang='lat' dir='ltr'><strong>a</strong></span> <span class='ocrx_word' id='word_1_147' title='bbox 558 2989 640 3050; x_wconf 89' lang='lat' dir='ltr'><strong>facie</strong></span> <span class='ocrx_word' id='word_1_148' title='bbox 665 2991 788 3051; x_wconf 90' lang='lat' dir='ltr'><strong>colubri</strong></span> <span class='ocrx_word' id='word_1_149' title='bbox 812 2992 894 3051; x_wconf 81' lang='lat' dir='ltr'><strong>in-as</strong></span> 
     </span>
     <span class='ocr_line' id='line_1_26' title="bbox 102 3087 858 3165; baseline 0.001 -17"><span class='ocrx_word' id='word_1_150' title='bbox 102 3087 252 3148; x_wconf 89' lang='lat' dir='ltr'><strong>sidiantis</strong></span> <span class='ocrx_word' id='word_1_151' title='bbox 274 3089 395 3165; x_wconf 92' lang='lat' dir='ltr'><strong>ubique</strong></span> <span class='ocrx_word' id='word_1_152' title='bbox 414 3096 525 3164; x_wconf 89' lang='lat' dir='ltr'><strong>aperte</strong></span> <span class='ocrx_word' id='word_1_153' title='bbox 546 3097 579 3147; x_wconf 92' lang='lat' dir='ltr'><strong>et</strong></span> <span class='ocrx_word' id='word_1_154' title='bbox 594 3089 730 3148; x_wconf 91' lang='lat' dir='ltr'><strong>occulte.</strong></span> <span class='ocrx_word' id='word_1_155' title='bbox 759 3090 858 3149; x_wconf 84' lang='lat' dir='ltr'><strong>Mane</strong></span> 
     </span>
     <span class='ocr_line' id='line_1_27' title="bbox 102 3186 859 3263; baseline 0 -17"><span class='ocrx_word' id='word_1_156' title='bbox 102 3187 156 3246; x_wconf 90' lang='lat' dir='ltr'><strong>hic</strong></span> <span class='ocrx_word' id='word_1_157' title='bbox 185 3188 218 3247; x_wconf 95' lang='lat' dir='ltr'><strong>in</strong></span> <span class='ocrx_word' id='word_1_158' title='bbox 247 3186 379 3247; x_wconf 91' lang='lat' dir='ltr'><strong>silentio</strong></span> <span class='ocrx_word' id='word_1_159' title='bbox 400 3203 534 3261; x_wconf 88' lang='lat' dir='ltr'><strong>secure,</strong></span> <span class='ocrx_word' id='word_1_160' title='bbox 562 3196 725 3263; x_wconf 89' lang='lat' dir='ltr'><strong>tamquam</strong></span> <span class='ocrx_word' id='word_1_161' title='bbox 753 3195 859 3247; x_wconf 91' lang='lat' dir='ltr'><strong>turtur</strong></span> 
     </span>
     <span class='ocr_line' id='line_1_28' title="bbox 100 3285 859 3362; baseline 0.001 -18"><span class='ocrx_word' id='word_1_162' title='bbox 100 3301 238 3362; x_wconf 92' lang='lat' dir='ltr'><strong>gemens</strong></span> <span class='ocrx_word' id='word_1_163' title='bbox 248 3285 282 3346; x_wconf 92' lang='lat' dir='ltr'><strong>in</strong></span> <span class='ocrx_word' id='word_1_164' title='bbox 293 3285 469 3346; x_wconf 90' lang='lat' dir='ltr'><strong>solitudine</strong></span> <span class='ocrx_word' id='word_1_165' title='bbox 485 3294 516 3344; x_wconf 99' lang='lat' dir='ltr'><strong>et</strong></span> <span class='ocrx_word' id='word_1_166' title='bbox 531 3292 694 3361; x_wconf 86' lang='lat' dir='ltr'><strong>tamquam</strong></span> <span class='ocrx_word' id='word_1_167' title='bbox 709 3285 859 3345; x_wconf 93' lang='lat' dir='ltr'><strong>columba</strong></span> 
     </span>
     <span class='ocr_line' id='line_1_29' title="bbox 101 3381 858 3458; baseline 0.001 -17"><span class='ocrx_word' id='word_1_168' title='bbox 101 3383 207 3443; x_wconf 90' lang='lat' dir='ltr'><strong>latens</strong></span> <span class='ocrx_word' id='word_1_169' title='bbox 229 3383 262 3443; x_wconf 95' lang='lat' dir='ltr'><strong>in</strong></span> <span class='ocrx_word' id='word_1_170' title='bbox 278 3382 492 3443; x_wconf 86' lang='lat' dir='ltr'><strong>foraminibus</strong></span> <span class='ocrx_word' id='word_1_171' title='bbox 508 3381 715 3443; x_wconf 86' lang='lat' dir='ltr'><strong>firmissimae</strong></span> <span class='ocrx_word' id='word_1_172' title='bbox 737 3392 858 3458; x_wconf 88' lang='lat' dir='ltr'><strong>petrae,</strong></span> 
     </span>
     <span class='ocr_line' id='line_1_30' title="bbox 101 3479 894 3557; baseline -0.004 -17"><span class='ocrx_word' id='word_1_173' title='bbox 101 3481 287 3557; x_wconf 93' lang='lat' dir='ltr'><strong>spernendo</strong></span> <span class='ocrx_word' id='word_1_174' title='bbox 299 3479 661 3556; x_wconf 90' lang='lat' dir='ltr'><strong>omniagaudiamundi,</strong></span> <span class='ocrx_word' id='word_1_175' title='bbox 672 3479 894 3540; x_wconf 81' lang='lat' dir='ltr'><strong>meditandoso</strong></span> 
     </span>
    </p>
   </div>
   <div class='ocr_carea' id='block_1_2' title="bbox 100 3577 858 3724">
    <p class='ocr_par' dir='ltr' id='par_1_4' title="bbox 100 3577 858 3724">
     <span class='ocr_line' id='line_1_31' title="bbox 100 3577 858 3654; baseline 0 -17"><span class='ocrx_word' id='word_1_176' title='bbox 100 3594 194 3637; x_wconf 89' lang='lat' dir='ltr'><strong>sacra</strong></span> <span class='ocrx_word' id='word_1_177' title='bbox 222 3578 357 3638; x_wconf 88' lang='lat' dir='ltr'><strong>vulnera</strong></span> <span class='ocrx_word' id='word_1_178' title='bbox 380 3577 454 3637; x_wconf 91' lang='lat' dir='ltr'><strong>Iesu</strong></span> <span class='ocrx_word' id='word_1_179' title='bbox 477 3577 603 3640; x_wconf 89' lang='lat' dir='ltr'><strong>Christi</strong></span> <span class='ocrx_word' id='word_1_180' title='bbox 633 3594 669 3638; x_wconf 93' lang='lat' dir='ltr'><strong>ac</strong></span> <span class='ocrx_word' id='word_1_181' title='bbox 697 3578 858 3654; x_wconf 90' lang='lat' dir='ltr'><strong>sperando</strong></span> 
     </span>
     <span class='ocr_line' id='line_1_32' title="bbox 460 3683 502 3724; baseline 0 0"><span class='ocrx_word' id='word_1_182' title='bbox 460 3683 502 3724; x_wconf 79' lang='lat' dir='ltr'><strong>sos</strong></span> 
     </span>
    </p>
   </div>
   <div class='ocr_carea' id='block_1_3' title="bbox 0 0 1076 4172">
    <p class='ocr_par' dir='ltr' id='par_1_5' title="bbox 0 0 1076 4172">
     <span class='ocr_line' id='line_1_33' title="bbox 0 0 1076 4172; baseline 0 0"><span class='ocrx_word' id='word_1_183' title='bbox 0 0 1076 4172; x_wconf 95' lang='lat' dir='ltr'><strong> </strong></span> 
     </span>
    </p>
   </div>
  </div>
 </body>
</html>
