2152 4174
248 415 992 525 Qucum&

242 605 341 682 gium,
362 604 470 664 crucis
486 604 623 681 imploro
639 603 840 682 suffragium.
873 605 995 666 Exaudi

243 718 295 761 me
310 700 478 776 miserum,
493 703 603 780 recipe
617 713 708 764 tuum
722 703 905 780 fugitivum,
921 722 997 764 sana

244 799 417 859 contritum
454 801 571 876 corde,
607 800 748 861 iustifica
782 811 996 877 peccatorem.

244 896 318 956 Non
353 905 385 956 te
421 895 601 974 relinquam
633 915 694 960 nec
725 917 743 958 a
773 907 805 959 te
835 901 996 975 recedam,

220 995 347 1057 sdonec
369 994 508 1071 recipiar
529 996 568 1055 ad
589 995 734 1072 gratiam.

284 1090 449 1167 Obsecro,
479 1091 620 1154 Domine
643 1093 718 1153 Iesu
746 1093 919 1168 crucifixe,
944 1095 996 1154 de·

243 1192 329 1251 nuda
357 1208 414 1251 cor
440 1209 550 1252 meum
579 1192 618 1251 ab
646 1191 734 1251 omni
764 1208 800 1251 re
828 1190 996 1258 saeculari.

243 1288 348 1349 Trahe
377 1306 430 1349 me
458 1306 517 1365 per
544 1288 696 1350 bracchia
719 1305 849 1348 sursum
874 1288 907 1348 in
930 1287 996 1348 alti·

243 1386 388 1447 tudinem
415 1386 539 1462 crucis,
567 1404 686 1464 sequar
714 1396 763 1462 te,
789 1403 996 1463 quocumque

209 1509 233 1549 10
243 1471 474 1560 praecesseris,
498 1484 651 1546 Libenter
665 1501 738 1544 sum
750 1493 860 1545 tecum
875 1501 998 1561 pauper

244 1589 276 1640 et
306 1581 414 1641 nudus
444 1589 608 1658 tamquam
641 1582 716 1642 exul
747 1581 781 1641 in
812 1583 935 1642 mundo
966 1591 998 1641 et

243 1677 384 1754 ignotus,
405 1678 462 1739 tibi
478 1679 608 1740 vicinus
629 1689 726 1756 atque
748 1679 952 1757 propinquus
967 1689 997 1742 et

243 1776 282 1835 ab
313 1776 465 1837 omnibus
495 1777 636 1838 terrenis
667 1794 859 1854 suspensus.
911 1777 998 1838 Con·

244 1873 305 1950 fige
327 1874 445 1936 timore
465 1884 521 1935 tuo
544 1892 660 1936 carnes
681 1892 782 1950 meas,
805 1892 848 1935 ne
872 1874 997 1936 libidini

210 1998 234 2039 15
244 1973 464 2050 consentiam3
483 1974 613 2050 perfora
627 1990 744 2034 manus
758 1990 859 2049 meas
874 1990 918 2033 ne
932 1972 998 2033 otio

243 2077 441 2147 torpescam3
456 2071 578 2148 perfige
594 2072 695 2148 pedes
709 2088 812 2147 meos
827 2080 862 2132 ut
872 2070 999 2132 stabilis

244 2182 452 2241 perseverem
476 2178 508 2229 et
530 2168 657 2229 fortiter
673 2169 803 2230 dolores
817 2186 854 2228 ac
870 2169 999 2230 labores

244 2263 434 2325 sustineam.
474 2265 500 2325 T
502 2275 654 2327 ranseant
676 2267 757 2326 clavi
779 2266 826 2327 tui
849 2283 908 2343 per
930 2284 1000 2327 cor-

244 2361 295 2422 dis
316 2361 381 2423 mei
403 2362 610 2424 medietatem
640 2372 672 2424 et
700 2363 832 2425 salutari
860 2365 999 2425 vulnere

208 2477 298 2523 aome
317 2459 474 2535 crucient,
495 2469 530 2521 ut
545 2478 586 2521 ex
599 2461 787 2522 vehementi
804 2461 1000 2522 contritione

244 2564 332 2616 totus
360 2557 503 2618 lacrimis
532 2557 629 2618 fluam
659 2567 691 2618 et
712 2575 789 2635 prae
811 2558 933 2619 amoris
955 2559 1000 2618 af-

246 2653 333 2713 fectu
348 2670 367 2712 a
381 2670 434 2714 me
449 2653 521 2730 ipso
533 2655 691 2716 deficiam.
715 2657 827 2716 Incute
842 2656 1001 2731 dolorem,

245 2768 326 2827 auge
341 2751 560 2828 devotionem,
579 2754 625 2814 nil
641 2754 743 2831 sapiat
758 2753 837 2815 mihi
854 2753 1001 2829 suavius,

245 2847 290 2908 nil
306 2848 384 2909 insit
399 2850 487 2910 cordi
501 2850 637 2927 firmius,
652 2851 715 2911 nisi
728 2851 821 2911 lesus
833 2851 1000 2926 Christus,

208 2954 279 3012 net
300 2945 353 3007 hic
376 2947 561 3009 crucifixus.
