2118 4180
256 429 667 539 {Qafflmm
692 429 997 538 dmm&

249 619 358 677 lorosa
377 617 627 677 circumcisione
643 618 823 677 secundum
841 618 1003 678 Mosaicae

251 716 332 792 legis
347 715 563 790 traditionem,
586 715 637 774 cui
652 723 684 774 te
700 715 733 774 in
750 715 912 790 omnibus,
932 732 1001 774 cum

250 829 343 872 esses
365 812 447 872 liber
468 831 486 872 a
507 813 668 889 sordibus,
691 812 797 873 fecisti
813 814 1002 874 subiectum.

291 910 400 969 Laudo
430 919 462 970 te
494 927 593 985 super
623 911 808 971 innocentis
838 911 1003 988 sanguinis

213 1017 226 1057 ⁵
249 1007 295 1067 tui
312 1007 474 1067 effusione
490 1008 603 1084 prima,
624 1026 721 1085 quem
742 1027 800 1085 pro
816 1010 911 1069 nobis
927 1009 1003 1068 effu-

251 1106 325 1166 disti
355 1106 407 1166 die
435 1106 602 1166 hodierna.
653 1107 681 1167 0
711 1106 885 1167 mitissime
914 1105 1002 1182 Agna

252 1204 323 1280 Dei,
339 1215 457 1281 quanta
473 1206 657 1267 dilectionis
672 1216 745 1266 tuae
758 1205 1003 1277 commendatio,

250 1314 370 1379 quanta
390 1303 494 1364 virtus
516 1305 690 1380 patientiae
705 1315 780 1364 tuae
795 1304 917 1379 extitit,'
932 1319 1001 1362 cum

250 1411 362 1460 sancta
390 1411 421 1460 et
452 1401 658 1463 immaculata
689 1420 763 1462 caro
794 1412 849 1462 tua
879 1401 912 1461 in
941 1411 1001 1460 tam

216 1509 362 1559 lotenera
406 1509 510 1559 aetate
555 1500 816 1560 circumcisionis
858 1517 1003 1576 poenam,

250 1615 346 1674 quam
369 1615 434 1658 non
457 1598 586 1673 meruit,
608 1598 741 1674 accepit.

291 1695 357 1771 Ego
380 1695 466 1755 enim
490 1694 640 1770 peccavi,
663 1704 693 1755 et
715 1705 749 1754 tu
771 1713 910 1772 poenam
933 1713 1004 1772 pec-

251 1793 311 1851 cati
334 1792 469 1852 exolvis
513 1793 579 1869 Ego
607 1793 640 1853 in
666 1793 931 1869 concupiscentia
952 1794 1002 1853 de-

250 1889 316 1949 licti
340 1900 517 1965 conceptus
540 1908 612 1950 sum
635 1901 667 1950 et
688 1901 800 1965 natus,
824 1900 856 1951 et
878 1902 911 1950 tu
934 1891 1002 1950 sine

216 1999 340 2048 isreatu
366 1996 555 2063 procreatus
585 1987 763 2047 cauterium
794 1988 928 2047 ultionis
956 2005 1003 2047 ac·

251 2086 342 2162 cipis.
388 2085 477 2162 Quid
505 2085 538 2144 in
567 2095 598 2144 te
628 2085 781 2144 vitiosum
812 2096 866 2146 aut
894 2103 1003 2163 super·

251 2183 351 2242 iluum
375 2181 495 2256 extitit,
522 2182 609 2258 quod
631 2182 739 2241 abradi
763 2183 900 2243 debuit?
942 2183 1002 2244 Sed

250 2281 326 2356 quia
356 2299 416 2358 ego
447 2298 505 2356 pro
536 2281 679 2355 peccatis
707 2280 790 2340 meis
821 2283 918 2357 plene
948 2280 1002 2341 tibi

250 2378 439 2438 satisfacere
461 2377 606 2453 nequivi,
628 2377 749 2436 idcirco
766 2387 821 2437 tua
836 2379 915 2438 mihi
932 2380 1003 2438 sub·

213 2475 369 2534 advenisti
391 2475 492 2552 gratia
514 2484 545 2533 et
568 2474 742 2533 adhibuisti
766 2475 892 2535 animae
914 2492 1003 2535 meae

250 2572 444 2633 medicinam
468 2571 667 2648 purgativam
691 2588 749 2647 per
770 2573 883 2632 duram
900 2573 1003 2633 carnis

249 2680 323 2730 tuae
340 2669 634 2730 circumcisionem.
667 2669 738 2728 Nec
753 2669 871 2729 mirum
888 2680 1003 2743 tamen,

250 2767 276 2826 si
299 2777 331 2826 te
354 2783 471 2842 passus
499 2783 535 2825 es
558 2766 763 2842 circumcidi,
792 2768 847 2843 qui
876 2778 1003 2844 paratus

251 2864 340 2923 fuisti
356 2881 414 2939 pro
430 2863 582 2923 omnibus
593 2864 708 2924 occidi.
730 2862 831 2924 Totus
843 2865 1001 2942 siquidem

213 2961 330 3021 25mihi
360 2961 469 3037 datuS‚
497 2971 585 3022 totus
614 2972 646 3022 et
672 2962 705 3021 in
727 2980 820 3022 meos
842 2979 1003 3039 expensus

250 3077 287 3120 es
309 3078 399 3121 usus.

291 3156 319 3218 O
342 3158 427 3218 bone
445 3158 702 3218 clementissime
719 3157 803 3233 Iesu,
826 3158 880 3235 qui
903 3158 937 3217 in
960 3159 1003 3217 in·

202 3254 204 3260 ’
250 3256 380 3315 nocenti
404 3272 539 3332 corpore
561 3266 617 3315 tuo
642 3255 926 3315 circumcisionem
956 3272 1003 3314 ac·

250 3352 365 3427 cepisti
385 3354 503 3430 carnis,
525 3353 722 3413 circumcide
738 3353 847 3413 omnia
861 3354 1003 3414 membra

213 3466 323 3510 aomea
348 3451 507 3526 spirituali
530 3459 620 3526 petra
649 3459 681 3509 et
704 3450 884 3510 secundum
908 3450 1001 3510 vitam

250 3559 337 3607 tuam
367 3565 482 3608 omnes
511 3558 602 3607 actus
630 3565 723 3607 meos
749 3548 862 3607 ordina
884 3563 1002 3608 mores·

615 3653 642 3693 ao
