2142 4172
98 701 102 705 -
135 673 245 735 Laudo
261 682 293 734 et
303 671 484 733 honorifico
500 680 542 747 te,
558 670 749 747 dignissime
766 670 851 744 lesu,

91 790 154 850 pro
169 771 337 833 'ineffabili
366 769 510 831 bonitate
539 778 571 830 et
599 767 850 828 mansuetudine

90 879 159 946 tua,
181 869 268 946 quod
289 885 356 928 non
373 866 600 943 improperasti
623 858 736 927 sancto
753 866 850 925 Petro

93 976 264 1044 peccatum
294 984 390 1027 suum
419 966 453 1025 in
475 973 508 1025 te
536 963 678 1041 graviter
700 963 852 1024 commis·

94 1081 180 1140 sum,
202 1063 261 1124 sed
282 1064 391 1140 potius
406 1062 615 1124 dilectionem
636 1063 708 1123 eius
730 1078 806 1138 erga
820 1069 875 1120 tes

94 1161 283 1239 quaerendo
295 1160 442 1222 excitasti
455 1177 530 1221 eum
548 1159 740 1235 ferventius,
755 1174 853 1235 quam

93 1269 205 1320 tamen
220 1259 366 1336 perfecte
382 1258 510 1319 sciebas
532 1266 564 1317 et
579 1257 715 1318 eandem
731 1257 852 1316 ibidem

95 1358 314 1419 existentibus
329 1355 484 1416 fratribus
498 1355 679 1415 innotuisti.
715 1355 854 1431 Insuper

95 1465 129 1516 et
151 1464 290 1532 quantae
313 1453 478 1532 dignitatis
500 1463 532 1514 et
561 1453 741 1514 sanctitatis
765 1461 854 1514 esset

98 1554 217 1613 Petrus
238 1553 323 1629 apud
345 1561 377 1612 te
399 1551 432 1610 in
448 1552 594 1627 perfecta
608 1552 783 1612 dilectione
798 1560 854 1611 tua
865 1568 889 1609 lo

96 1650 267 1712 habendus
298 1651 395 1710 etiam
426 1659 500 1726 post
528 1650 671 1726 lapsum,
703 1651 765 1710 iam
794 1650 852 1710 toti

96 1749 258 1811 ecclesiae
280 1765 339 1826 per
360 1749 472 1809 orbem
491 1746 672 1809 declarasti.
702 1749 753 1809 Ne
770 1749 853 1809 forte

95 1846 215 1924 aliquis
237 1847 359 1922 lapsus,
381 1862 418 1905 se
440 1846 605 1922 neglecto,
633 1847 854 1907 irreverenter

97 1945 253 2022 cogitaret
275 1945 315 2005 de
338 1960 395 2020 eo,
426 1960 500 2003 cum
527 1961 592 2020 quo
620 1953 673 2020 tu,
703 1944 854 2019 Domine,

63 2093 66 2098 .
95 2052 163 2103 tam
193 2041 360 2102 caritative
388 2042 517 2102 locutus
546 2058 582 2102 es
611 2052 643 2102 et
674 2041 854 2102 comedisti.
866 2048 890 2089 ¹⁵

141 2138 250 2200 Laudo
272 2148 305 2200 te
326 2149 359 2200 et
387 2140 619 2200 recommendo
641 2139 735 2199 valde
763 2156 855 2199 sanc-

98 2247 168 2298 tum
192 2237 336 2312 Petrum,
358 2237 540 2313 apostolum
558 2247 662 2313 tuum,
682 2245 853 2313 patronum

98 2351 210 2394 meum
232 2343 365 2411 propter
386 2343 429 2410 te,
450 2351 508 2411 pro
527 2343 615 2394 recta
637 2344 668 2394 et
683 2334 785 2394 libera
807 2351 856 2393 re·

99 2431 279 2508 sponsione
300 2432 374 2492 eius
393 2432 432 2492 ad
447 2432 547 2492 verba
560 2441 616 2492 tua
631 2432 752 2493 omissa
767 2430 854 2492 omni

98 2531 367 2608 praesumptione
389 2540 421 2592 et
442 2531 572 2591 incauta
593 2530 757 2590 locutione
779 2540 892 2605 praem

99 2628 174 2688 aliis
184 2628 297 2689 multis
307 2629 341 2688 in
352 2645 463 2688 amore
474 2645 511 2688 se
522 2628 629 2705 ipsum
641 2628 856 2705 praeferendo

99 2728 224 2787 docens
246 2744 299 2787 me
328 2737 360 2787 et
388 2743 505 2786 omnes
526 2727 695 2787 humiliter
723 2725 857 2799 sentire,

100 2824 237 2901 provide
260 2824 418 2902 cogitare,
449 2824 616 2900 sapienter
642 2825 681 2884 ad
710 2823 857 2902 quaesita

100 2922 302 2998 respondere
338 2932 370 2983 et
405 2923 444 2982 ad
475 2924 601 2983 obiecta
631 2921 792 2982 veraciter
826 2930 859 2980 et

100 3028 291 3080 constanter
319 3019 416 3080 fidem
447 3018 669 3080 Christianam
699 3017 857 3078 confiteri.
867 3031 894 3071 25

101 3117 193 3178 Dixit
223 3134 300 3194 ergo
331 3116 436 3177 tribus
466 3117 594 3177 vicibus
629 3117 668 3176 ad
698 3117 857 3176 honorem

99 3224 234 3274 sanctae
258 3212 442 3292 Trinitatis,
473 3215 549 3292 quia
579 3224 630 3275 ter
660 3214 790 3290 negavit
821 3212 859 3273 ti-

100 3313 233 3388 mendo,
254 3313 372 3375 iterum
394 3314 479 3373 trina
494 3329 574 3373 voce
596 3312 770 3390 loquendo,
791 3320 858 3371 toto

100 3411 201 3470 corde
216 3411 392 3487 credendo,
407 3411 441 3471 in
451 3411 542 3471 nullo
558 3411 750 3471 dubitando:
773 3408 858 3469 Amo

98 3520 144 3585 te,
167 3525 239 3568 amo
262 3518 305 3584 te,
326 3526 399 3569 amo
421 3518 463 3569 te.
493 3509 581 3586 Quid
597 3509 716 3586 plura?
745 3507 894 3581 Etiam,ao

100 3606 255 3681 Domine,
277 3616 311 3666 tu
334 3607 411 3682 scis,
432 3607 508 3683 quia
529 3625 602 3667 amo
624 3616 666 3666 te.

464 3712 505 3753 aaa
709 3710 753 3752 21·
