2152 4174
220 429 973 538 Qffffissbuzuffiffl

214 617 394 694 suppliciis,
416 635 474 694 pro
494 636 558 695 quo
575 628 619 694 tu,
641 617 693 694 pie
710 627 820 678 sancte
836 627 868 678 et
884 617 977 678 iuste

215 717 316 790 Beue,
337 733 402 776 non
425 733 462 776 es
477 716 669 792 dedignatus
684 715 824 776 derideri
846 725 879 776 et
894 733 978 776 con-

214 814 325 890 temni,
346 824 381 874 ut
403 815 441 874 ab
459 814 612 889 illusione
627 814 821 875 daemonum
845 821 877 873 et
899 830 978 888 per-

213 921 311 987 petua
331 921 435 971 morte
458 928 510 971 me
533 912 689 971 miserum
712 911 878 971 liberares.

190 1031 204 1072 s
255 1008 402 1070 Obsecro
424 1019 456 1070 te
478 1009 592 1086 igitur,
619 1008 860 1070 virtuosissime
884 1009 977 1084 lesu,
1072 1057 1073 1074 ,

213 1124 309 1188 quem
332 1109 421 1167 nulla
443 1125 558 1183 aspera
579 1107 772 1168 exacerbare
794 1116 978 1183 potuerunt

213 1221 274 1264 nec
296 1205 434 1281 abiecta,
457 1215 491 1266 ut
513 1215 661 1280 amputes
684 1223 702 1264 a
723 1221 775 1264 me
797 1220 894 1263 omne
917 1220 977 1263 va-

213 1319 290 1361 num
314 1311 346 1361 et
361 1302 526 1364 curiosum
543 1303 774 1377 extrinsecum,
796 1310 828 1361 et
845 1301 974 1361 discam
1072 1349 1073 1353 ,

212 1397 288 1458 vilis
303 1399 539 1461 aestimationis
553 1401 664 1461 habitu
682 1399 872 1474 contentari,
894 1399 977 1476 quia

1068 1376 1074 1412 l

179 1505 306 1573 roturpe
335 1507 401 1573 est,
433 1509 467 1559 ut
497 1509 583 1558 terra
612 1509 643 1559 et
675 1499 758 1559 cinis
787 1497 819 1557 in
848 1497 975 1558 vestitu
1072 1496 1073 1526 ³

213 1603 346 1669 quaerat
375 1595 525 1657 decorem
556 1605 609 1656 aut
632 1595 812 1670 mollitiem,
841 1593 894 1654 ubi
925 1603 977 1669 tu,
1006 1627 1009 1634 ‹

214 1708 269 1751 rex
292 1692 383 1768 caeli,
406 1693 437 1753 in
461 1694 532 1753 alba
553 1703 645 1753 veste
670 1693 759 1753 luisti
785 1693 976 1768 despectus

213 1787 385 1866 Antepone
407 1791 512 1851 oculis
538 1791 621 1851 meis
645 1790 854 1867 opprobrium
877 1799 975 1850 tuum

213 1898 244 1947 et
275 1889 419 1960 derisum
452 1898 483 1948 et
514 1889 594 1948 doce
625 1906 678 1948 me
709 1887 882 1964 perviam
915 1887 977 1947 de-

178 2000 203 2040 15
213 1984 391 2059 spectionis
413 1994 445 2045 te
465 1982 558 2060 sequi
574 1986 666 2044 aede
682 1984 812 2060 proprio
827 1984 976 2061 gaudere

213 2091 417 2157 contemptu,
448 2099 513 2141 non
546 2081 709 2142 conlidere
740 2081 773 2141 in
806 2080 881 2141 liliis
913 2083 977 2142 ho-

212 2177 336 2238 minum
360 2178 475 2238 necin
498 2178 610 2239 mundi
633 2178 835 2255 principibus
861 2196 976 2256 neque

212 2275 244 2334 in
276 2276 420 2351 potentia
451 2275 649 2351 amicorum,
684 2276 742 2335 sed
772 2286 839 2337 toto
870 2277 975 2338 corde

212 2383 328 2433 cuncta
349 2383 478 2433 terrena
500 2390 574 2432 curn
601 2373 671 2432 suis
695 2374 892 2434 amatoribus
914 2375 976 2434 de-

175 2472 349 2548 aspicere,
371 2481 403 2532 te
425 2480 550 2546 autern,
574 2471 750 2532 Dominum
774 2473 897 2548 Iesum,
921 2490 976 2533 sa·

212 2570 289 2630 lutis
310 2586 403 2630 meae
421 2579 596 2644 auctorem,
619 2569 796 2629 inviolabili
820 2578 976 2629 constan-

212 2667 255 2727 tia
270 2666 386 2726 sectari
403 2678 444 2740 et,
460 2677 596 2743 quantas
612 2667 827 2728 contumelias
842 2683 899 2743 pro
917 2684 975 2728 me

211 2763 342 2840 indigno
365 2764 537 2840 sustulisti,
559 2765 624 2841 iugi
644 2764 801 2824 memoria
816 2764 973 2825 retinere.
1072 2837 1073 2850 χ

392 2966 662 3044 [cnrrrvuvn
687 2968 785 3045 xm]

173 3127 200 3169 25
275 3099 320 3158 De
335 3099 514 3175 furibundo
536 3100 724 3160 ludaeorum
747 3101 905 3161 clamore:

406 3195 569 3272 Crucifige‚
592 3199 669 3257 tolle
689 3214 770 3258 eum.

210 3290 457 3511 &medico
480 3358 512 3408 et
526 3348 644 3426 gratias
661 3366 720 3426 ago
736 3349 803 3425 tibi,
827 3349 971 3410 Domine

339 3446 567 3522 IesuChriste‚
578 3457 734 3523 perpetua
745 3447 971 3507 laetitiasanc·
1070 3463 1071 3480 ¹

208 3553 331 3619 torum,
360 3560 418 3620 pro
446 3544 558 3620 grandi
588 3553 620 3603 et
649 3544 801 3605 insolenti
826 3546 970 3605 tumultu
