<?xml version="1.0" encoding="UTF-8"?>
<!DOCTYPE html PUBLIC "-//W3C//DTD XHTML 1.0 Transitional//EN"
    "http://www.w3.org/TR/xhtml1/DTD/xhtml1-transitional.dtd">
<html xmlns="http://www.w3.org/1999/xhtml" xml:lang="en" lang="en">
 <head>
  <title>
</title>
<meta http-equiv="Content-Type" content="text/html;charset=utf-8" />
  <meta name='ocr-system' content='tesseract 3.04.00' />
  <meta name='ocr-capabilities' content='ocr_page ocr_carea ocr_par ocr_line ocrx_word'/>
</head>
<body>
  <div class='ocr_page' id='page_1' title='image "./thomaehemerkena02pohlgoog_0333.png"; bbox 0 0 2142 4172; ppageno 0'>
   <div class='ocr_carea' id='block_1_1' title="bbox 187 626 1048 3530">
    <p class='ocr_par' dir='ltr' id='par_1_1' title="bbox 202 626 986 1096">
     <span class='ocr_line' id='line_1_1' title="bbox 226 626 986 704; baseline 0 -16"><span class='ocrx_word' id='word_1_1' title='bbox 226 628 428 689; x_wconf 88' lang='lat' dir='ltr'>Nathanaele</span> <span class='ocrx_word' id='word_1_2' title='bbox 444 628 477 688; x_wconf 95' lang='lat' dir='ltr'>in</span> <span class='ocrx_word' id='word_1_3' title='bbox 489 628 560 704; x_wconf 88' lang='lat' dir='ltr'>lege</span> <span class='ocrx_word' id='word_1_4' title='bbox 573 626 633 686; x_wconf 86' lang='lat' dir='ltr'>Dei</span> <span class='ocrx_word' id='word_1_5' title='bbox 650 626 754 703; x_wconf 91' lang='lat' dir='ltr'>perito</span> <span class='ocrx_word' id='word_1_6' title='bbox 770 626 851 688; x_wconf 86' lang='lat' dir='ltr'>etin</span> <span class='ocrx_word' id='word_1_7' title='bbox 866 637 986 688; x_wconf 88' lang='lat' dir='ltr'>sancto</span> 
     </span>
     <span class='ocr_line' id='line_1_2' title="bbox 226 725 986 802; baseline -0.001 -17"><span class='ocrx_word' id='word_1_8' title='bbox 226 742 325 802; x_wconf 92' lang='lat' dir='ltr'>opere</span> <span class='ocrx_word' id='word_1_9' title='bbox 346 725 410 785; x_wconf 90' lang='lat' dir='ltr'>isto</span> <span class='ocrx_word' id='word_1_10' title='bbox 431 725 544 785; x_wconf 89' lang='lat' dir='ltr'>iuvare</span> <span class='ocrx_word' id='word_1_11' title='bbox 560 725 746 801; x_wconf 88' lang='lat' dir='ltr'>praecincto</span> <span class='ocrx_word' id='word_1_12' title='bbox 762 742 836 784; x_wconf 91' lang='lat' dir='ltr'>cum</span> <span class='ocrx_word' id='word_1_13' title='bbox 853 725 986 785; x_wconf 91' lang='lat' dir='ltr'>duobus</span> 
     </span>
     <span class='ocr_line' id='line_1_3' title="bbox 225 821 985 899; baseline -0.003 -15"><span class='ocrx_word' id='word_1_14' title='bbox 225 824 298 884; x_wconf 89' lang='lat' dir='ltr'>aliis</span> <span class='ocrx_word' id='word_1_15' title='bbox 319 821 506 898; x_wconf 87' lang='lat' dir='ltr'>discipulis,</span> <span class='ocrx_word' id='word_1_16' title='bbox 535 839 618 898; x_wconf 92' lang='lat' dir='ltr'>quos</span> <span class='ocrx_word' id='word_1_17' title='bbox 646 823 777 899; x_wconf 87' lang='lat' dir='ltr'>ignoro,</span> <span class='ocrx_word' id='word_1_18' title='bbox 805 823 867 883; x_wconf 91' lang='lat' dir='ltr'>sed</span> <span class='ocrx_word' id='word_1_19' title='bbox 895 823 985 883; x_wconf 84' lang='lat' dir='ltr'>forte</span> 
     </span>
     <span class='ocr_line' id='line_1_4' title="bbox 226 918 984 995; baseline -0.003 -13"><span class='ocrx_word' id='word_1_20' title='bbox 226 939 299 982; x_wconf 91' lang='lat' dir='ltr'>cum</span> <span class='ocrx_word' id='word_1_21' title='bbox 322 928 435 980; x_wconf 89' lang='lat' dir='ltr'>sancto</span> <span class='ocrx_word' id='word_1_22' title='bbox 458 918 592 980; x_wconf 84' lang='lat' dir='ltr'>Simone</span> <span class='ocrx_word' id='word_1_23' title='bbox 621 928 653 979; x_wconf 91' lang='lat' dir='ltr'>et</span> <span class='ocrx_word' id='word_1_24' title='bbox 675 918 770 995; x_wconf 93' lang='lat' dir='ltr'>Iuda,</span> <span class='ocrx_word' id='word_1_25' title='bbox 799 919 984 980; x_wconf 83' lang='lat' dir='ltr'>carissimis</span> 
     </span>
     <span class='ocr_line' id='line_1_5' title="bbox 202 1016 658 1096; baseline -0.009 -16"><span class='ocrx_word' id='word_1_26' title='bbox 202 1017 371 1096; x_wconf 79' lang='lat' dir='ltr'>scognatis</span> <span class='ocrx_word' id='word_1_27' title='bbox 393 1016 458 1076; x_wconf 88' lang='lat' dir='ltr'>tuis</span> <span class='ocrx_word' id='word_1_28' title='bbox 480 1025 512 1076; x_wconf 91' lang='lat' dir='ltr'>et</span> <span class='ocrx_word' id='word_1_29' title='bbox 533 1017 658 1076; x_wconf 90' lang='lat' dir='ltr'>amicis.</span> 
     </span>
    </p>

    <p class='ocr_par' dir='ltr' id='par_1_2' title="bbox 224 1114 983 1486">
     <span class='ocr_line' id='line_1_6' title="bbox 267 1114 982 1192; baseline -0.003 -16"><span class='ocrx_word' id='word_1_30' title='bbox 267 1116 328 1176; x_wconf 88' lang='lat' dir='ltr'>His</span> <span class='ocrx_word' id='word_1_31' title='bbox 343 1115 452 1191; x_wconf 91' lang='lat' dir='ltr'>itaque</span> <span class='ocrx_word' id='word_1_32' title='bbox 466 1115 551 1175; x_wconf 85' lang='lat' dir='ltr'>bene</span> <span class='ocrx_word' id='word_1_33' title='bbox 567 1114 745 1191; x_wconf 87' lang='lat' dir='ltr'>dispositis,</span> <span class='ocrx_word' id='word_1_34' title='bbox 760 1125 792 1176; x_wconf 88' lang='lat' dir='ltr'>et</span> <span class='ocrx_word' id='word_1_35' title='bbox 806 1133 865 1192; x_wconf 91' lang='lat' dir='ltr'>per</span> <span class='ocrx_word' id='word_1_36' title='bbox 879 1125 982 1176; x_wconf 90' lang='lat' dir='ltr'>totam</span> 
     </span>
     <span class='ocr_line' id='line_1_7' title="bbox 224 1211 983 1289; baseline -0.004 -14"><span class='ocrx_word' id='word_1_37' title='bbox 224 1222 354 1275; x_wconf 88' lang='lat' dir='ltr'>noctem</span> <span class='ocrx_word' id='word_1_38' title='bbox 377 1211 615 1287; x_wconf 82' lang='lat' dir='ltr'>laborantibus,</span> <span class='ocrx_word' id='word_1_39' title='bbox 644 1211 889 1289; x_wconf 64' lang='lat' dir='ltr'>remigantibus</span> <span class='ocrx_word' id='word_1_40' title='bbox 916 1223 983 1273; x_wconf 87' lang='lat' dir='ltr'>tra-</span> 
     </span>
     <span class='ocr_line' id='line_1_8' title="bbox 225 1311 982 1388; baseline -0.007 -13"><span class='ocrx_word' id='word_1_41' title='bbox 225 1314 379 1375; x_wconf 90' lang='lat' dir='ltr'>hentibus</span> <span class='ocrx_word' id='word_1_42' title='bbox 407 1321 439 1374; x_wconf 93' lang='lat' dir='ltr'>et</span> <span class='ocrx_word' id='word_1_43' title='bbox 467 1311 660 1372; x_wconf 85' lang='lat' dir='ltr'>sudantibus</span> <span class='ocrx_word' id='word_1_44' title='bbox 688 1328 793 1388; x_wconf 90' lang='lat' dir='ltr'>usque</span> <span class='ocrx_word' id='word_1_45' title='bbox 821 1311 854 1370; x_wconf 95' lang='lat' dir='ltr'>in</span> <span class='ocrx_word' id='word_1_46' title='bbox 883 1327 982 1370; x_wconf 88' lang='lat' dir='ltr'>mane</span> 
     </span>
     <span class='ocr_line' id='line_1_9' title="bbox 225 1409 983 1486; baseline -0.004 -15"><span class='ocrx_word' id='word_1_47' title='bbox 225 1409 306 1471; x_wconf 90' lang='lat' dir='ltr'>nihil</span> <span class='ocrx_word' id='word_1_48' title='bbox 328 1426 464 1486; x_wconf 90' lang='lat' dir='ltr'>prorsus</span> <span class='ocrx_word' id='word_1_49' title='bbox 485 1409 731 1485; x_wconf 86' lang='lat' dir='ltr'>prendiderunt.</span> <span class='ocrx_word' id='word_1_50' title='bbox 772 1409 983 1486; x_wconf 86' lang='lat' dir='ltr'>Quapropter</span> 
     </span>
    </p>

    <p class='ocr_par' dir='ltr' id='par_1_3' title="bbox 190 1505 983 1778">
     <span class='ocr_line' id='line_1_10' title="bbox 190 1505 981 1582; baseline -0.005 -14"><span class='ocrx_word' id='word_1_51' title='bbox 190 1507 265 1569; x_wconf 86' lang='lat' dir='ltr'>rode</span> <span class='ocrx_word' id='word_1_52' title='bbox 294 1524 354 1567; x_wconf 88' lang='lat' dir='ltr'>suo</span> <span class='ocrx_word' id='word_1_53' title='bbox 385 1507 495 1567; x_wconf 89' lang='lat' dir='ltr'>labore</span> <span class='ocrx_word' id='word_1_54' title='bbox 526 1505 738 1582; x_wconf 83' lang='lat' dir='ltr'>desperantes</span> <span class='ocrx_word' id='word_1_55' title='bbox 766 1505 829 1565; x_wconf 88' lang='lat' dir='ltr'>iam</span> <span class='ocrx_word' id='word_1_56' title='bbox 860 1505 981 1581; x_wconf 85' lang='lat' dir='ltr'>piscari</span> 
     </span>
     <span class='ocr_line' id='line_1_11' title="bbox 225 1603 983 1681; baseline -0.001 -17"><span class='ocrx_word' id='word_1_57' title='bbox 225 1604 309 1664; x_wconf 92' lang='lat' dir='ltr'>ultra</span> <span class='ocrx_word' id='word_1_58' title='bbox 324 1620 453 1663; x_wconf 87' lang='lat' dir='ltr'>cessare</span> <span class='ocrx_word' id='word_1_59' title='bbox 469 1603 660 1681; x_wconf 85' lang='lat' dir='ltr'>cogitabant,</span> <span class='ocrx_word' id='word_1_60' title='bbox 675 1603 738 1663; x_wconf 93' lang='lat' dir='ltr'>nisi</span> <span class='ocrx_word' id='word_1_61' title='bbox 756 1603 846 1664; x_wconf 89' lang='lat' dir='ltr'>Deus</span> <span class='ocrx_word' id='word_1_62' title='bbox 861 1603 983 1664; x_wconf 91' lang='lat' dir='ltr'>melius</span> 
     </span>
     <span class='ocr_line' id='line_1_12' title="bbox 225 1697 595 1778; baseline 0 -17"><span class='ocrx_word' id='word_1_63' title='bbox 225 1701 422 1778; x_wconf 90' lang='lat' dir='ltr'>provideret.</span> <span class='ocrx_word' id='word_1_64' title='bbox 594 1697 595 1700; x_wconf 68' lang='grc'>’</span> 
     </span>
    </p>

    <p class='ocr_par' dir='ltr' id='par_1_4' title="bbox 226 1798 1048 1972">
     <span class='ocr_line' id='line_1_13' title="bbox 267 1798 1048 1884; baseline 0 -28"><span class='ocrx_word' id='word_1_65' title='bbox 267 1798 362 1857; x_wconf 88' lang='lat' dir='ltr'>Facta</span> <span class='ocrx_word' id='word_1_66' title='bbox 391 1805 442 1857; x_wconf 88' lang='lat' dir='ltr'>est</span> <span class='ocrx_word' id='word_1_67' title='bbox 472 1807 581 1858; x_wconf 88' lang='lat' dir='ltr'>autem</span> <span class='ocrx_word' id='word_1_68' title='bbox 612 1799 645 1859; x_wconf 93' lang='lat' dir='ltr'>in</span> <span class='ocrx_word' id='word_1_69' title='bbox 677 1798 832 1875; x_wconf 89' lang='lat' dir='ltr'>piscando</span> <span class='ocrx_word' id='word_1_70' title='bbox 865 1813 983 1874; x_wconf 88' lang='lat' dir='ltr'>magna</span> <span class='ocrx_word' id='word_1_71' title='bbox 1047 1813 1048 1884; x_wconf 58' lang='lat' dir='ltr'>l</span> 
     </span>
     <span class='ocr_line' id='line_1_14' title="bbox 226 1894 981 1972; baseline -0.001 -17"><span class='ocrx_word' id='word_1_72' title='bbox 226 1895 411 1970; x_wconf 82' lang='lat' dir='ltr'>difficultas,</span> <span class='ocrx_word' id='word_1_73' title='bbox 432 1905 467 1955; x_wconf 94' lang='lat' dir='ltr'>ut</span> <span class='ocrx_word' id='word_1_74' title='bbox 488 1905 602 1972; x_wconf 88' lang='lat' dir='ltr'>postea</span> <span class='ocrx_word' id='word_1_75' title='bbox 617 1895 811 1957; x_wconf 85' lang='lat' dir='ltr'>adveniente</span> <span class='ocrx_word' id='word_1_76' title='bbox 826 1894 981 1972; x_wconf 88' lang='lat' dir='ltr'>magistro</span> 
     </span>
    </p>

    <p class='ocr_par' dir='ltr' id='par_1_5' title="bbox 189 1991 1048 2458">
     <span class='ocr_line' id='line_1_15' title="bbox 189 1991 981 2053; baseline 0.001 -3"><span class='ocrx_word' id='word_1_77' title='bbox 189 2008 214 2050; x_wconf 87' lang='lat'>15</span> <span class='ocrx_word' id='word_1_78' title='bbox 227 2001 260 2052; x_wconf 87' lang='lat' dir='ltr'>et</span> <span class='ocrx_word' id='word_1_79' title='bbox 275 1992 416 2052; x_wconf 88' lang='lat' dir='ltr'>Domino</span> <span class='ocrx_word' id='word_1_80' title='bbox 433 1993 507 2052; x_wconf 90' lang='lat' dir='ltr'>lesu</span> <span class='ocrx_word' id='word_1_81' title='bbox 530 2002 562 2052; x_wconf 92' lang='lat' dir='ltr'>et</span> <span class='ocrx_word' id='word_1_82' title='bbox 584 1991 757 2053; x_wconf 90' lang='lat' dir='ltr'>consilium</span> <span class='ocrx_word' id='word_1_83' title='bbox 776 1992 871 2052; x_wconf 89' lang='lat' dir='ltr'>dante</span> <span class='ocrx_word' id='word_1_84' title='bbox 888 1991 981 2052; x_wconf 81' lang='lat' dir='ltr'>lieret</span> 
     </span>
     <span class='ocr_line' id='line_1_16' title="bbox 227 2088 981 2167; baseline -0.001 -18"><span class='ocrx_word' id='word_1_85' title='bbox 227 2107 343 2166; x_wconf 88' lang='lat' dir='ltr'>magna</span> <span class='ocrx_word' id='word_1_86' title='bbox 364 2090 559 2151; x_wconf 87' lang='lat' dir='ltr'>iucunditas.</span> <span class='ocrx_word' id='word_1_87' title='bbox 595 2090 633 2150; x_wconf 89' lang='lat' dir='ltr'>Et</span> <span class='ocrx_word' id='word_1_88' title='bbox 655 2089 731 2167; x_wconf 88' lang='lat' dir='ltr'>quia</span> <span class='ocrx_word' id='word_1_89' title='bbox 752 2089 784 2149; x_wconf 92' lang='lat' dir='ltr'>in</span> <span class='ocrx_word' id='word_1_90' title='bbox 806 2088 981 2165; x_wconf 86' lang='lat' dir='ltr'>praeterita</span> 
     </span>
     <span class='ocr_line' id='line_1_17' title="bbox 225 2185 979 2262; baseline -0.003 -15"><span class='ocrx_word' id='word_1_91' title='bbox 225 2196 322 2247; x_wconf 90' lang='lat' dir='ltr'>nocte</span> <span class='ocrx_word' id='word_1_92' title='bbox 345 2188 438 2247; x_wconf 88' lang='lat' dir='ltr'>lesus</span> <span class='ocrx_word' id='word_1_93' title='bbox 460 2188 494 2248; x_wconf 93' lang='lat' dir='ltr'>in</span> <span class='ocrx_word' id='word_1_94' title='bbox 515 2187 666 2247; x_wconf 87' lang='lat' dir='ltr'>navicula</span> <span class='ocrx_word' id='word_1_95' title='bbox 681 2185 893 2262; x_wconf 87' lang='lat' dir='ltr'>corporaliter</span> <span class='ocrx_word' id='word_1_96' title='bbox 913 2203 979 2246; x_wconf 94' lang='lat' dir='ltr'>non</span> 
     </span>
     <span class='ocr_line' id='line_1_18' title="bbox 225 2283 979 2361; baseline -0.004 -16"><span class='ocrx_word' id='word_1_97' title='bbox 225 2294 303 2361; x_wconf 88' lang='lat' dir='ltr'>erat,</span> <span class='ocrx_word' id='word_1_98' title='bbox 332 2285 416 2345; x_wconf 91' lang='lat' dir='ltr'>sicut</span> <span class='ocrx_word' id='word_1_99' title='bbox 444 2285 576 2361; x_wconf 89' lang='lat' dir='ltr'>saepius</span> <span class='ocrx_word' id='word_1_100' title='bbox 604 2293 679 2344; x_wconf 88' lang='lat' dir='ltr'>ante</span> <span class='ocrx_word' id='word_1_101' title='bbox 707 2284 823 2344; x_wconf 90' lang='lat' dir='ltr'>adesse</span> <span class='ocrx_word' id='word_1_102' title='bbox 845 2283 979 2358; x_wconf 88' lang='lat' dir='ltr'>solebat,</span> 
     </span>
     <span class='ocr_line' id='line_1_19' title="bbox 224 2380 1048 2458; baseline -0.001 -16"><span class='ocrx_word' id='word_1_103' title='bbox 224 2399 337 2458; x_wconf 90' lang='lat' dir='ltr'>parum</span> <span class='ocrx_word' id='word_1_104' title='bbox 366 2383 418 2442; x_wconf 92' lang='lat' dir='ltr'>vel</span> <span class='ocrx_word' id='word_1_105' title='bbox 447 2382 529 2442; x_wconf 90' lang='lat' dir='ltr'>nihil</span> <span class='ocrx_word' id='word_1_106' title='bbox 558 2381 786 2458; x_wconf 86' lang='lat' dir='ltr'>proficiebant,</span> <span class='ocrx_word' id='word_1_107' title='bbox 817 2380 901 2440; x_wconf 90' lang='lat' dir='ltr'>sicut</span> <span class='ocrx_word' id='word_1_108' title='bbox 929 2380 978 2441; x_wconf 91' lang='lat' dir='ltr'>eis</span> <span class='ocrx_word' id='word_1_109' title='bbox 1047 2391 1048 2420; x_wconf 66' lang='lat'>³</span> 
     </span>
    </p>

    <p class='ocr_par' dir='ltr' id='par_1_6' title="bbox 187 2477 978 2636">
     <span class='ocr_line' id='line_1_20' title="bbox 187 2477 978 2557; baseline -0.004 -16"><span class='ocrx_word' id='word_1_110' title='bbox 187 2479 443 2555; x_wconf 85' lang='lat' dir='ltr'>aopraedixerat:</span> <span class='ocrx_word' id='word_1_111' title='bbox 467 2479 554 2557; x_wconf 91' lang='lat' dir='ltr'>Quia</span> <span class='ocrx_word' id='word_1_112' title='bbox 574 2479 647 2540; x_wconf 91' lang='lat' dir='ltr'>sine</span> <span class='ocrx_word' id='word_1_113' title='bbox 669 2496 722 2539; x_wconf 94' lang='lat' dir='ltr'>me</span> <span class='ocrx_word' id='word_1_114' title='bbox 744 2478 824 2539; x_wconf 90' lang='lat' dir='ltr'>nihil</span> <span class='ocrx_word' id='word_1_115' title='bbox 842 2477 978 2555; x_wconf 91' lang='lat' dir='ltr'>potestis</span> 
     </span>
     <span class='ocr_line' id='line_1_21' title="bbox 225 2576 343 2636; baseline 0 0"><span class='ocrx_word' id='word_1_116' title='bbox 225 2576 343 2636; x_wconf 88' lang='lat' dir='ltr'>lacere.</span> 
     </span>
    </p>

    <p class='ocr_par' dir='ltr' id='par_1_7' title="bbox 224 2672 976 2930">
     <span class='ocr_line' id='line_1_22' title="bbox 264 2672 975 2749; baseline 0 -15"><span class='ocrx_word' id='word_1_117' title='bbox 264 2672 329 2734; x_wconf 88' lang='lat' dir='ltr'>Sed</span> <span class='ocrx_word' id='word_1_118' title='bbox 351 2674 451 2734; x_wconf 91' lang='lat' dir='ltr'>nolite</span> <span class='ocrx_word' id='word_1_119' title='bbox 468 2673 501 2733; x_wconf 93' lang='lat' dir='ltr'>in</span> <span class='ocrx_word' id='word_1_120' title='bbox 523 2675 584 2734; x_wconf 91' lang='lat' dir='ltr'>hac</span> <span class='ocrx_word' id='word_1_121' title='bbox 599 2673 672 2734; x_wconf 89' lang='lat' dir='ltr'>vice</span> <span class='ocrx_word' id='word_1_122' title='bbox 688 2673 847 2749; x_wconf 84' lang='lat' dir='ltr'>diffidere,</span> <span class='ocrx_word' id='word_1_123' title='bbox 868 2673 975 2734; x_wconf 91' lang='lat' dir='ltr'>dilecti</span> 
     </span>
     <span class='ocr_line' id='line_1_23' title="bbox 224 2769 976 2846; baseline 0.003 -16"><span class='ocrx_word' id='word_1_124' title='bbox 224 2770 385 2846; x_wconf 93' lang='lat' dir='ltr'>discipuli,</span> <span class='ocrx_word' id='word_1_125' title='bbox 407 2787 505 2846; x_wconf 90' lang='lat' dir='ltr'>saepe</span> <span class='ocrx_word' id='word_1_126' title='bbox 520 2769 607 2830; x_wconf 92' lang='lat' dir='ltr'>enim</span> <span class='ocrx_word' id='word_1_127' title='bbox 623 2770 716 2830; x_wconf 92' lang='lat' dir='ltr'>triste</span> <span class='ocrx_word' id='word_1_128' title='bbox 732 2788 826 2831; x_wconf 88' lang='lat' dir='ltr'>mane</span> <span class='ocrx_word' id='word_1_129' title='bbox 841 2772 976 2832; x_wconf 88' lang='lat' dir='ltr'>vertitur</span> 
     </span>
     <span class='ocr_line' id='line_1_24' title="bbox 225 2867 975 2930; baseline 0.004 -3"><span class='ocrx_word' id='word_1_130' title='bbox 225 2868 295 2927; x_wconf 87' lang='lat' dir='ltr'>Deo</span> <span class='ocrx_word' id='word_1_131' title='bbox 318 2867 447 2928; x_wconf 82' lang='lat' dir='ltr'>favente</span> <span class='ocrx_word' id='word_1_132' title='bbox 476 2867 510 2928; x_wconf 96' lang='lat' dir='ltr'>in</span> <span class='ocrx_word' id='word_1_133' title='bbox 539 2869 662 2928; x_wconf 90' lang='lat' dir='ltr'>clarum</span> <span class='ocrx_word' id='word_1_134' title='bbox 694 2869 876 2930; x_wconf 90' lang='lat' dir='ltr'>meridiem.</span> <span class='ocrx_word' id='word_1_135' title='bbox 918 2870 975 2930; x_wconf 83' lang='lat' dir='ltr'>Ex·</span> 
     </span>
    </p>

    <p class='ocr_par' dir='ltr' id='par_1_8' title="bbox 187 2965 1048 3434">
     <span class='ocr_line' id='line_1_25' title="bbox 187 2965 974 3043; baseline 0.005 -20"><span class='ocrx_word' id='word_1_136' title='bbox 187 2974 349 3042; x_wconf 76' lang='lat' dir='ltr'>aspectate</span> <span class='ocrx_word' id='word_1_137' title='bbox 375 2965 540 3026; x_wconf 91' lang='lat' dir='ltr'>modicum</span> <span class='ocrx_word' id='word_1_138' title='bbox 562 2975 594 3026; x_wconf 94' lang='lat' dir='ltr'>et</span> <span class='ocrx_word' id='word_1_139' title='bbox 623 2966 772 3026; x_wconf 89' lang='lat' dir='ltr'>invocate</span> <span class='ocrx_word' id='word_1_140' title='bbox 800 2966 890 3043; x_wconf 93' lang='lat' dir='ltr'>pium</span> <span class='ocrx_word' id='word_1_141' title='bbox 914 2968 974 3028; x_wconf 88' lang='lat' dir='ltr'>Do-</span> 
     </span>
     <span class='ocr_line' id='line_1_26' title="bbox 224 3063 974 3141; baseline 0.004 -19"><span class='ocrx_word' id='word_1_142' title='bbox 224 3063 348 3123; x_wconf 92' lang='lat' dir='ltr'>minum</span> <span class='ocrx_word' id='word_1_143' title='bbox 381 3064 507 3139; x_wconf 91' lang='lat' dir='ltr'>lesum,</span> <span class='ocrx_word' id='word_1_144' title='bbox 537 3072 569 3123; x_wconf 90' lang='lat' dir='ltr'>et</span> <span class='ocrx_word' id='word_1_145' title='bbox 599 3065 754 3125; x_wconf 87' lang='lat' dir='ltr'>succedet</span> <span class='ocrx_word' id='word_1_146' title='bbox 784 3064 878 3125; x_wconf 92' lang='lat' dir='ltr'>vobis</span> <span class='ocrx_word' id='word_1_147' title='bbox 905 3083 974 3141; x_wconf 93' lang='lat' dir='ltr'>pro-</span> 
     </span>
     <span class='ocr_line' id='line_1_27' title="bbox 224 3162 972 3237; baseline 0.004 -17"><span class='ocrx_word' id='word_1_148' title='bbox 224 3178 319 3237; x_wconf 90' lang='lat' dir='ltr'>spere</span> <span class='ocrx_word' id='word_1_149' title='bbox 330 3171 403 3237; x_wconf 88' lang='lat' dir='ltr'>post</span> <span class='ocrx_word' id='word_1_150' title='bbox 413 3162 555 3222; x_wconf 88' lang='lat' dir='ltr'>laborem</span> <span class='ocrx_word' id='word_1_151' title='bbox 567 3170 773 3222; x_wconf 88' lang='lat' dir='ltr'>nocturnum.</span> <span class='ocrx_word' id='word_1_152' title='bbox 803 3163 841 3222; x_wconf 89' lang='lat' dir='ltr'>Et</span> <span class='ocrx_word' id='word_1_153' title='bbox 857 3163 972 3223; x_wconf 88' lang='lat' dir='ltr'>lactum</span> 
     </span>
     <span class='ocr_line' id='line_1_28' title="bbox 223 3258 973 3335; baseline 0.005 -18"><span class='ocrx_word' id='word_1_154' title='bbox 223 3266 274 3318; x_wconf 90' lang='lat' dir='ltr'>est</span> <span class='ocrx_word' id='word_1_155' title='bbox 294 3258 338 3318; x_wconf 88' lang='lat' dir='ltr'>ita</span> <span class='ocrx_word' id='word_1_156' title='bbox 354 3258 428 3318; x_wconf 93' lang='lat' dir='ltr'>lesu</span> <span class='ocrx_word' id='word_1_157' title='bbox 444 3268 618 3335; x_wconf 88' lang='lat' dir='ltr'>apparente</span> <span class='ocrx_word' id='word_1_158' title='bbox 641 3268 673 3319; x_wconf 91' lang='lat' dir='ltr'>et</span> <span class='ocrx_word' id='word_1_159' title='bbox 687 3259 832 3320; x_wconf 86' lang='lat' dir='ltr'>dicente:</span> <span class='ocrx_word' id='word_1_160' title='bbox 856 3261 973 3321; x_wconf 82' lang='lat' dir='ltr'>Mittite</span> 
     </span>
     <span class='ocr_line' id='line_1_29' title="bbox 224 3355 1048 3434; baseline 0.005 -19"><span class='ocrx_word' id='word_1_161' title='bbox 224 3355 257 3415; x_wconf 92' lang='lat' dir='ltr'>in</span> <span class='ocrx_word' id='word_1_162' title='bbox 286 3356 451 3416; x_wconf 87' lang='lat' dir='ltr'>dexteram</span> <span class='ocrx_word' id='word_1_163' title='bbox 482 3357 602 3434; x_wconf 85' lang='lat' dir='ltr'>navigii</span> <span class='ocrx_word' id='word_1_164' title='bbox 625 3366 711 3433; x_wconf 90' lang='lat' dir='ltr'>rete,</span> <span class='ocrx_word' id='word_1_165' title='bbox 742 3366 774 3418; x_wconf 91' lang='lat' dir='ltr'>et</span> <span class='ocrx_word' id='word_1_166' title='bbox 802 3357 973 3418; x_wconf 91' lang='lat' dir='ltr'>invenietis</span> <span class='ocrx_word' id='word_1_167' title='bbox 1047 3371 1048 3380; x_wconf 58' lang='lat'>¹</span> 
     </span>
    </p>

    <p class='ocr_par' dir='ltr' id='par_1_9' title="bbox 187 3453 1048 3530">
     <span class='ocr_line' id='line_1_30' title="bbox 187 3453 1048 3530; baseline -0.002 -16"><span class='ocrx_word' id='word_1_168' title='bbox 187 3453 373 3528; x_wconf 82' lang='lat' dir='ltr'>aomultum,</span> <span class='ocrx_word' id='word_1_169' title='bbox 395 3454 449 3530; x_wconf 93' lang='lat' dir='ltr'>qui</span> <span class='ocrx_word' id='word_1_170' title='bbox 472 3455 562 3530; x_wconf 92' lang='lat' dir='ltr'>prius</span> <span class='ocrx_word' id='word_1_171' title='bbox 585 3472 637 3514; x_wconf 92' lang='lat' dir='ltr'>me</span> <span class='ocrx_word' id='word_1_172' title='bbox 659 3456 793 3515; x_wconf 88' lang='lat' dir='ltr'>absente</span> <span class='ocrx_word' id='word_1_173' title='bbox 812 3456 971 3518; x_wconf 91' lang='lat' dir='ltr'>modicum</span> <span class='ocrx_word' id='word_1_174' title='bbox 1047 3507 1048 3512; x_wconf 73' lang='grc'>,</span> 
     </span>
    </p>
   </div>
   <div class='ocr_carea' id='block_1_2' title="bbox 225 3551 622 3698">
    <p class='ocr_par' dir='ltr' id='par_1_10' title="bbox 225 3551 622 3698">
     <span class='ocr_line' id='line_1_31' title="bbox 225 3551 612 3627; baseline 0.01 -19"><span class='ocrx_word' id='word_1_175' title='bbox 225 3566 341 3626; x_wconf 89' lang='lat' dir='ltr'>capere</span> <span class='ocrx_word' id='word_1_176' title='bbox 363 3567 428 3610; x_wconf 94' lang='lat' dir='ltr'>non</span> <span class='ocrx_word' id='word_1_177' title='bbox 450 3551 612 3627; x_wconf 85' lang='lat' dir='ltr'>potuistis.</span> 
     </span>
     <span class='ocr_line' id='line_1_32' title="bbox 581 3657 622 3698; baseline 0 0"><span class='ocrx_word' id='word_1_178' title='bbox 581 3657 622 3698; x_wconf 79' lang='lat'>³14</span> 
     </span>
    </p>
   </div>
   <div class='ocr_carea' id='block_1_3' title="bbox 0 0 1076 4172">
    <p class='ocr_par' dir='ltr' id='par_1_11' title="bbox 0 0 1076 4172">
     <span class='ocr_line' id='line_1_33' title="bbox 0 0 1076 4172; baseline 0 3"><span class='ocrx_word' id='word_1_179' title='bbox 0 0 1076 4172; x_wconf 95' lang='lat' dir='ltr'> </span> 
     </span>
    </p>
   </div>
  </div>
 </body>
</html>
