2152 4174
104 442 842 552 Qffidsmafflffi

98 645 225 705 quoque
257 629 342 690 fama
376 630 416 689 de
451 629 587 689 almiflui
622 630 765 690 nominis
801 631 847 690 tui

97 727 189 787 laude
217 726 432 803 disperserat,
463 727 525 787 hoc
553 743 687 803 praeses
717 727 848 805 gentilis

97 823 251 884 instinctu
273 824 383 884 divino
405 823 438 884 in
461 824 569 884 tabula
590 824 681 884 brevi
710 825 749 884 ad
777 842 849 901 per-

97 931 224 997 petuam
243 923 400 985 Crucilixi
423 923 614 983 memoriam
636 922 741 983 literis
762 940 849 983 com·

97 1020 212 1097 pingit:
237 1021 330 1081 lesus
352 1021 543 1080 Nazarenus
566 1038 623 1081 rex
645 1021 871 1085 ludaeorums

98 1118 193 1178 Hunc
215 1135 292 1196 ergo
309 1118 439 1178 titulum
456 1135 529 1179 cum
545 1117 638 1177 multi
655 1117 848 1178 ludaeorum

97 1215 263 1291 legissent,
284 1214 406 1276 invidia
428 1216 661 1276 exardescente
679 1232 748 1295 non
767 1215 850 1275 lere-

95 1313 171 1373 bant
193 1312 364 1389 pontifices
385 1313 521 1392 gloriam
536 1312 680 1373 nominis
697 1313 743 1374 tui
759 1331 850 1391 prae-

95 1411 213 1486 dicari,
243 1428 339 1487 quam
370 1411 447 1472 totis
478 1410 603 1472 viribus
633 1412 851 1473 moliebantur

95 1508 258 1569 offuscare
281 1519 323 1585 et,
344 1509 430 1586 quod
453 1508 639 1569 dementius
661 1519 727 1584 est,
750 1510 848 1570 vitam
861 1525 886 1567 ro
954 1524 956 1529 ·

94 1625 170 1668 cum
199 1607 332 1667 nomine
361 1607 561 1684 extinguere.
604 1605 656 1667 Ob
685 1607 717 1666 id
742 1607 850 1684 itaque

93 1705 237 1766 iudicem
268 1704 407 1765 Pilatum
439 1705 479 1764 de
510 1713 574 1764 tam
606 1704 725 1782 insigni
757 1705 850 1766 titulo

93 1804 293 1880 redarguunt
314 1802 477 1862 dicentes:
500 1801 576 1861 Noli
600 1802 758 1863 scribere:
783 1804 851 1863 Rex

93 1901 301 1976 ludaeorum,
322 1900 391 1974 sed,
406 1899 482 1976 quia
497 1899 568 1975 ipse
582 1899 676 1960 dixit:
693 1901 762 1960 Rex
777 1918 850 1961 sum

94 1998 300 2058 ludaeorum.
338 1995 508 2056 Timebant
530 1996 617 2057 enim
641 1998 796 2059 confundi
819 2008 851 2058 et
863 2015 888 2058 rs

92 2095 298 2156 crudelitatis
318 2094 380 2154 sibi
404 2093 559 2170 flagitium
580 2094 742 2171 imputari,
764 2096 850 2173 quod

90 2192 262 2270 proprium
273 2191 380 2270 gentis
390 2209 469 2252 suae
480 2208 589 2268 regern
601 2191 850 2253 crucifixissent.

92 2291 133 2351 Et
165 2308 208 2351 ne
236 2290 365 2366 longius
393 2291 455 2350 hoc
484 2289 591 2366 ipsum
621 2290 851 2369 divulgaretur,

91 2387 226 2447 titulum
245 2387 421 2463 permutari
437 2388 600 2464 petebant,
622 2398 656 2449 ut
678 2406 743 2449 non
765 2390 851 2466 ipso-

91 2502 168 2545 rum
200 2484 322 2544 malitia
352 2485 519 2546 videretur
541 2486 634 2546 lesus
666 2487 888 2562 crucifixus,2o

90 2583 153 2643 sed
190 2581 299 2658 potius
330 2592 462 2659 propter
492 2593 719 2660 praesumptae
750 2584 851 2644 domi·

89 2680 239 2742 nationis
267 2680 412 2756 culpam,
440 2680 516 2757 quia
543 2697 653 2758 regem
683 2698 719 2741 se
741 2681 850 2741 dicere

88 2797 197 2840 ausus
219 2778 278 2853 sit,
306 2778 361 2855 qui
390 2777 472 2838 nihil
501 2777 609 2854 regiae
631 2779 795 2855 dignitatis
817 2779 850 2838 in

90 2877 229 2938 sacculo
251 2875 418 2954 gessisset.

96 2999 109 3027 t
133 2974 167 3036 Ο
190 2972 384 3049 nequissimi
408 2973 536 3048 ludaei,
564 2990 629 3033 non
652 2973 699 3033 sic
721 2982 788 3048 est,
816 2981 888 3032 utas

90 3071 235 3149 lingitis,
264 3071 322 3131 sed
350 3087 410 3130 vos
439 3070 519 3130 estis
550 3070 583 3130 in
612 3070 764 3130 omnibus
793 3071 851 3146 rei,

88 3186 156 3229 vos
187 3167 268 3228 estis
298 3167 494 3244 principales
530 3167 758 3228 interfectores
794 3168 850 3228 lilii

90 3267 170 3328 Dei.
214 3267 284 3326 Nec
306 3265 550 3326 excusationem
573 3265 717 3341 habetis,
741 3281 851 3342 quarn-

89 3365 146 3425 vis
177 3363 293 3423 callida
320 3372 388 3423 arte
418 3364 479 3423 hoc
505 3363 626 3441 grande
649 3362 775 3422 lacinus
797 3362 852 3421 ob·

90 3462 250 3522 umbrare
264 3460 431 3537 quaeritis.
461 3461 544 3520 Nam
566 3460 688 3520 iustum
711 3467 744 3518 et
760 3457 889 3519 inno-ao

91 3569 227 3620 centem
259 3567 334 3618 ante
367 3557 483 3618 faciem
517 3556 610 3617 Pilati
646 3555 789 3632 negastis
820 3565 851 3616 et

455 3662 493 3703 nr
704 3661 745 3702 ro·
