2194 4180
231 580 390 643 eructavit
420 581 582 658 suaviter,
612 581 731 658 gratias
760 582 825 659 egit
854 584 925 644 Deo
952 584 988 644 in

231 679 383 740 omnibus
405 681 613 741 excellenter.

272 776 375 837 Flevit
397 777 493 838 etiam
514 777 619 838 Maria
635 778 828 854 Magdalena
848 796 889 839 ex
911 796 988 839 con-

230 875 360 935 tritione
389 884 596 951 peccatorum
621 875 842 951 amarissime,
871 893 910 936 ex
932 877 987 938 de-

193 993 206 1033 5
229 973 361 1033 votione
375 973 610 1034 beneficiorum
622 973 828 1049 suavissime,
844 992 883 1035 ex
899 992 987 1035 com-

228 1070 381 1147 passione
403 1071 552 1154 dolorum
576 1071 701 1133 Christi
724 1071 923 1148 largissime,
944 1090 986 1134 ex

229 1169 502 1245 contemplatione
517 1168 707 1229 caelestium
723 1169 914 1245 gaudiorum
936 1188 986 1231 ar·

229 1266 431 1327 dentissime.

269 1364 373 1425 Flevit
404 1364 500 1424 etiam
532 1373 665 1424 sanctus
695 1365 812 1425 Petrus
843 1365 985 1426 maximo

194 1475 218 1515 1⁰
228 1462 340 1522 dolore
356 1479 395 1521 ex
406 1460 630 1521 recordatione
646 1461 827 1537 negationis
842 1473 985 1538 praeter·

228 1559 291 1619 itae
320 1569 352 1619 et
383 1576 423 1619 ex
453 1558 564 1619 auditu
596 1558 687 1618 vocis
716 1559 791 1635 galli
824 1560 985 1622 cantantis

228 1667 277 1717 ter
298 1655 331 1716 in
353 1666 458 1716 nocte.
501 1655 548 1715 Ex
576 1655 683 1716 subita
706 1655 793 1716 enim
819 1657 984 1719 locutione

228 1753 409 1830 fragilitatis
439 1770 517 1814 suae
546 1753 649 1813 crevit
677 1754 773 1830 longa
796 1754 983 1816 lamentatio

227 1851 342 1928 culpae
364 1862 396 1912 et
418 1868 533 1929 magna
548 1851 731 1928 compassio
747 1852 908 1913 iratemae
923 1853 984 1914 mi-

194 1965 218 2008 15
228 1949 343 2011 seriae.
373 1949 530 2012 Obeatae
541 1949 704 2026 lacrimae,
719 1967 802 2027 quae
818 1960 984 2012 terserunt

227 2058 361 2124 repente
384 2065 500 2108 omnes
521 2049 665 2109 maculas
687 2050 812 2125 culpae.

267 2145 370 2206 Flevit
399 2146 495 2207 etiam
525 2154 657 2206 sanctus
681 2147 801 2207 Paulus
823 2147 984 2209 acerrime

224 2252 356 2321 propter
377 2243 551 2320 pristinum
574 2261 719 2304 errorem
736 2262 831 2305 suum
854 2244 888 2305 in
910 2262 984 2321 per-

224 2340 394 2401 secutione
426 2351 556 2402 sanctae
593 2342 752 2402 ecclesiae
788 2351 820 2402 et
849 2352 984 2419 propter

187 2439 361 2500 analiorum
392 2455 549 2499 excessus
577 2449 674 2516 atque
703 2427 814 2516 lapsus
838 2441 877 2501 ad
899 2441 984 2503 ritus

225 2547 256 2597 et
279 2553 388 2597 mores
403 2535 600 2612 perfidorum
617 2537 754 2613 cupiens
768 2555 884 2599 omnes
905 2557 983 2600 con·

223 2644 353 2695 vertere
382 2634 421 2695 ad
442 2651 553 2695 veram
577 2634 673 2695 lidem
698 2645 731 2696 et
751 2636 981 2699 contritionem

224 2742 431 2810 peccatorum
455 2733 547 2793 etad
570 2742 700 2793 sanctae
721 2735 983 2796 conversationis

224 2832 353 2891 trahere
372 2831 535 2892 fervorem
558 2840 590 2891 et
605 2832 751 2893 omnium
767 2832 923 2894 virtutum
946 2834 981 2896 in

187 2928 359 2990 25Christo
381 2930 669 3006 perseverantiam.

264 3023 367 3088 Flevit
389 3027 485 3088 etiam
511 3038 643 3088 sanctus
666 3029 829 3090 lohannes
853 3040 983 3107 aposto·

223 3126 274 3185 lus
296 3126 500 3186 amarissime
522 3125 555 3186 in
578 3125 704 3187 Christi
729 3127 882 3202 passione
904 3145 981 3188 cum

223 3223 328 3284 Maria
350 3232 452 3283 matre
475 3223 549 3283 lesu
572 3223 632 3283 sub
655 3240 752 3284 cruce
775 3224 983 3286 incessanter

223 3322 254 3381 ei
269 3321 473 3381 condolendo
489 3330 521 3381 et
540 3320 733 3381 assistendo.
763 3321 867 3382 Flevit
881 3321 981 3383 etiam

184 3437 212 3478 ao
222 3436 280 3495 pro
298 3417 474 3478 multorum
490 3418 655 3479 erroribus
673 3428 739 3479 eta
754 3418 883 3480 fervore
899 3419 982 3479 cari·

222 3515 296 3576 tatis
311 3515 482 3592 tepefactis
503 3525 535 3576 et
549 3532 608 3592 pro
623 3517 763 3592 quodam
779 3516 899 3577 iuvene
919 3533 981 3594 per

580 3620 621 3662 aas
