2142 4172
231 423 984 537 &Quam

229 625 353 689 torum,
382 633 439 691 pro
463 624 517 675 tua
546 615 738 675 fidelissima
764 615 984 692 promissione

207 697 419 774 'caelestium
451 715 609 774 donorum
646 714 685 773 ab
720 714 783 773 alto
818 714 983 776 caelorum

230 810 413 870 habitaculo
442 820 474 871 et
501 829 519 870 a
549 812 644 871 Patre
672 811 831 871 luminum
862 820 896 871 et
926 829 984 888 pro

230 909 391 968 immensa
406 910 550 986 largitate
561 918 616 970 tua
628 918 659 969 et
670 908 807 970 mirilica
821 909 984 971 effusione
1041 895 1042 900 ἵ

207 1006 441 1070 smultilormis
475 1007 595 1084 gratiae
632 1007 772 1083 Spiritus
811 1007 914 1067 sancti
952 1009 983 1068 in

231 1105 409 1181 discipulos
431 1113 504 1166 tuos
519 1105 553 1164 in
569 1105 746 1165 Ierusalem
762 1114 985 1182 congregatos,

231 1203 285 1263 ubi
317 1212 408 1263 erant
436 1202 557 1279 pariter
585 1203 618 1262 in
646 1202 802 1263 cenaculo
831 1202 985 1264 sedentes

231 1312 263 1362 et
278 1310 408 1362 orantes
419 1311 451 1361 et
462 1301 718 1361 consolationem
730 1300 871 1377 Spiritus
882 1301 984 1360 sancti
1035 1379 1039 1388 Ι

232 1401 272 1460 de
301 1400 391 1459 caelo
420 1398 644 1459 desideranter
664 1406 892 1474 expectantes3
921 1415 985 1457 non

198 1498 271 1560 rode
294 1498 415 1557 mundo
438 1496 632 1573 cogitantes,
654 1496 711 1555 sed
734 1495 818 1556 sicut
841 1494 985 1572 religiosi

232 1594 422 1654 claustrales
443 1611 461 1652 a
482 1594 675 1656 tumultibus
697 1593 818 1653 saeculi
846 1594 986 1669 separati

233 1691 266 1750 in
295 1691 404 1768 quiete
434 1701 465 1751 et
494 1691 624 1752 silentio
652 1700 840 1766 manentes,
870 1708 987 1751 omnes

232 1799 380 1849 terrenas
401 1807 496 1849 curas
518 1791 558 1850 de
580 1790 733 1850 cordibus
754 1789 935 1850 abicientes
957 1799 988 1850 et

233 1888 384 1963 supernis
406 1905 443 1947 ac
458 1888 599 1949 aeternis
615 1888 709 1952 bonis
724 1887 933 1948 intendentes
949 1887 988 1947 ad

199 1985 388 2061 tsampliora
412 1987 642 2046 charismatum
667 1987 751 2046 dona
776 1985 989 2062 percipienda

233 2083 360 2144 devotis
381 2084 533 2160 precibus
555 2102 591 2144 se
615 2085 856 2161 praeparabant.

274 2182 382 2242 Laudo
405 2189 437 2241 et
458 2182 603 2259 glorifico
625 2191 673 2257 te,
697 2181 889 2258 dignissime
912 2182 989 2242 lesu

234 2279 385 2354 Christe,
414 2296 470 2339 rex
492 2289 677 2340 sanctorum
700 2280 907 2357 angelorum,
929 2296 990 2354 pro

234 2377 469 2438 iucundissima
484 2378 582 2438 huius
604 2377 668 2438 diei
685 2377 860 2437 festivitate
875 2385 908 2435 et
930 2393 990 2452 pro

197 2475 383 2540 aosollemni
407 2476 634 2537 benedictione
656 2485 688 2536 et
702 2474 894 2536 sacerdotali
912 2490 991 2533 con-

233 2574 415 2634 secratione
444 2574 527 2634 sacri
551 2574 650 2634 fontis
676 2583 707 2633 et
728 2571 932 2650 baptismatis
956 2572 989 2630 in

234 2669 352 2730 virtute
384 2670 524 2746 Spiritus
555 2671 674 2746 sancti,
709 2671 742 2730 in
775 2687 840 2747 quo
871 2687 990 2729 omnes

234 2769 347 2830 fideles
370 2770 519 2845 baptizati
536 2770 568 2829 in
590 2769 723 2829 nomine
738 2777 869 2829 sanctae
884 2766 992 2827 Trini-

234 2867 308 2926 tatis
337 2886 355 2927 a
382 2868 525 2943 peccatis
554 2867 705 2939 omnibus
735 2866 933 2927 mundantur
958 2873 992 2924 et

197 2974 384 3030 asaeternae
407 2965 491 3025 vitae
516 2965 689 3042 participes
717 2964 905 3024 efficiuntur
927 2981 991 3024 nec

234 3081 298 3124 non
315 3064 466 3124 caelestis
488 3064 577 3140 regni
594 3064 733 3123 heredes
751 3071 783 3122 et
798 3062 990 3138 angelorum

235 3172 404 3221 consortes
427 3161 604 3237 computari
627 3159 830 3236 pergratiam
847 3157 993 3234 Spiritus

234 3259 336 3318 sancti
360 3268 535 3319 merentur.

275 3359 383 3418 Laudo
406 3367 438 3418 et
453 3357 633 3418 honorifico
648 3365 690 3430 te,
712 3355 766 3432 qui
783 3356 866 3414 hanc
882 3371 993 3414 sacra·

198 3455 393 3519 notissimam
423 3455 509 3515 diem
534 3454 645 3515 multis
674 3452 856 3526 miraculis,
885 3451 993 3528 signis

235 3561 267 3610 et
289 3551 383 3610 donis
405 3552 566 3611 adornasti
596 3561 628 3611 et
648 3549 814 3627 perpetuis
836 3549 994 3625 tempori·

592 3655 633 3696 344
