2142 4172
127 454 192 531 Ἢ)
210 452 408 547 {3³3
425 501 454 554 ιι,
467 502 486 554 1,
498 442 846 556 affl

97 634 133 694 in
155 633 311 710 piscando
334 634 555 695 laborantibus
576 652 634 711 pro
656 636 853 696 necessariis

96 731 186 792 vitae
216 732 424 809 acquirendis
455 742 487 794 et
522 751 581 809 pro
616 732 853 794 sustentatione

96 845 279 904 pauperum
301 837 334 888 et
354 830 520 906 hospitum
550 830 590 892 de
620 829 716 890 iustis
738 829 853 890 labori·

96 927 161 986 bus
185 927 256 988 Deo
279 935 311 988 et
335 927 525 987 hominibus
546 927 684 1003 placitis,
706 927 777 1004 lege
798 945 853 987 na·

97 1032 192 1083 turae
207 1031 239 1083 et
254 1022 365 1084 divino
387 1042 524 1086 munere
539 1024 707 1086 concessis
722 1033 876 1101 proptera

96 1120 200 1180 multa
221 1120 306 1180 bona
327 1120 403 1182 inde
425 1122 591 1183 venientia
611 1121 651 1182 ad
682 1121 785 1182 otiosa
806 1123 853 1182 vi·

95 1217 194 1277 tanda
215 1226 248 1277 et
269 1227 416 1294 tempora
437 1219 560 1279 utiliter
581 1219 802 1295 expendenda.

140 1315 250 1376 Laudo
272 1325 304 1376 et
326 1316 507 1377 honorifico
529 1327 572 1394 te,
596 1317 744 1394 piissime
767 1317 853 1392 Iesu,

94 1412 246 1473 visitator
261 1413 475 1475 laborantium
498 1425 530 1476 et
545 1416 672 1477 adiutor
688 1415 722 1476 in
737 1432 852 1492 oppor-

94 1511 290 1571 tunitatibus
318 1511 423 1572 dando
451 1513 572 1573 bonum
603 1514 775 1574 consilium
805 1514 888 1576 in·1o

94 1608 283 1685 digentibus
304 1609 343 1669 ad
365 1610 636 1672 sustentationem
659 1611 744 1673 vitae
772 1621 852 1672 tem-

94 1705 219 1782 poralis
240 1705 274 1766 in
296 1714 382 1766 terra
404 1715 436 1766 et
458 1706 491 1766 in
514 1707 617 1784 aquis.
655 1759 657 1765 s

138 1802 305 1864 Benedico
327 1811 359 1863 te
373 1821 432 1879 pro
447 1803 503 1863 illa
517 1806 698 1866 reverenda
713 1808 851 1891 statione

93 1912 151 1963 tua
166 1901 200 1961 in
215 1899 309 1961 litore
325 1899 424 1960 maris
440 1900 646 1977 respiciendo
669 1903 707 1963 ad
724 1904 852 1964 labores

94 1997 335 2073 discipulorum
365 2007 516 2073 tuorum,
551 2016 648 2075 quam
685 2001 851 2062 caritative
863 2025 887 2066 rs

94 2096 314 2172 iungebantur
335 2105 367 2155 et
382 2104 495 2156 mutuo
518 2112 555 2155 se
571 2096 733 2173 iuvabant,
755 2116 851 2176 quam

94 2193 244 2254 ordinate
259 2192 478 2269 procedebant
498 2203 529 2253 et
545 2192 761 2256 instrumenta
776 2196 853 2256 arri·

94 2291 229 2367 piebant
266 2291 305 2351 ad
340 2291 532 2367 piscandum
568 2308 659 2352 more
695 2302 852 2356 consueto

95 2388 170 2448 sine
202 2388 343 2448 clamore
374 2398 407 2448 et
437 2388 646 2449 contentione
677 2389 851 2450 verborum

97 2487 206 2561 Petro,
228 2495 263 2546 ut
284 2487 439 2561 aestimo,
467 2486 602 2546 sedente
631 2485 664 2546 in
687 2487 791 2562 capite
813 2488 889 2548 adar

94 2583 353 2660 gubernaculum
383 2583 476 2644 navis
504 2593 669 2661 tamquam
698 2585 852 2644 nauclero

96 2690 130 2741 et
151 2680 185 2741 in
208 2690 275 2740 arte
295 2681 468 2757 piscatoria
482 2680 683 2756 doctissimo,
704 2681 742 2741 ad
759 2681 853 2742 cuius

96 2781 271 2856 imperium
295 2789 327 2839 et
349 2789 463 2839 nutum
494 2777 594 2838 ceteri
623 2796 755 2839 manum
785 2797 852 2839 mo-

96 2879 217 2940 vebant
238 2879 277 2938 ad
301 2893 399 2953 opera
422 2875 526 2951 fortia,
555 2876 582 2935 si
606 2875 689 2936 forte
717 2876 853 2937 instaret

95 2961 276 3052 tempestas
291 2974 409 3051 aliqua,
425 2973 541 3033 Iacobo
557 2990 635 3033 vero
651 2982 683 3033 et
698 2973 853 3050 Iohanne,
862 2997 889 3038 25

96 3074 226 3135 duobus
263 3072 339 3132 filiis
374 3071 535 3131 Zebedaei
571 3071 604 3130 in
646 3070 745 3131 simili
785 3082 852 3131 arte

96 3171 233 3246 edoctis
255 3171 340 3231 sicut
361 3187 379 3228 a
400 3178 491 3245 patre
513 3185 573 3228 suo
596 3168 779 3229 didicerunt
800 3186 853 3229 ex·

96 3267 341 3345 patientissimo
365 3283 455 3342 sene,
477 3265 667 3326 sedentibus
696 3265 735 3326 ad
757 3267 853 3327 remi-

94 3367 237 3444 gandum
261 3374 448 3426 constanter
470 3373 502 3424 et
524 3372 634 3440 caute,
663 3373 776 3425 sancto
798 3383 852 3424 au·

96 3473 163 3524 tem
186 3461 327 3538 Thomu,
349 3463 420 3522 viro
443 3461 517 3521 lorti
541 3469 573 3520 et
595 3462 700 3539 lideli,
730 3463 769 3523 ad
791 3473 890 3523 tra-so

97 3560 243 3624 bendum
267 3568 335 3620 rete
359 3569 476 3636 sponte
498 3569 608 3635 parato
637 3576 711 3620 cum
739 3569 852 3620 sancto

457 3664 499 3707 ma
