2152 4174
93 412 838 520 mammonam&

86 608 250 671 consolari
280 607 391 668 tristes
420 616 452 667 et
474 607 599 670 debiles
630 610 730 685 solet,
758 610 844 686 quod

85 705 236 765 omnium
258 713 408 766 votorum
431 705 567 782 arbiter,
591 707 645 783 qui
670 708 845 768 clamorem

84 819 268 879 pauperum
284 802 438 862 exaudire
454 803 635 879 consuevit,
655 820 771 865 vocem
787 806 846 864 hu·

86 899 177 959 milis
199 899 402 976 quaestionis
429 899 547 960 emittit
575 909 607 960 et
629 901 722 961 dicit:
755 902 846 961 Deus

85 1013 194 1072 meus,
218 997 309 1057 Deus
330 1013 442 1073 meus,
473 1007 508 1057 ut
539 998 617 1074 quid
642 996 869 1073 dereliquistis

85 1094 171 1154 me?
200 1093 369 1170 Siquidem
386 1113 404 1155 a
418 1095 579 1171 principio
595 1094 759 1171 passionis
774 1094 846 1155 eius

84 1192 307 1268 usquemodo
323 1209 388 1252 non
412 1202 461 1252 est
477 1192 622 1253 auditum
644 1201 709 1252 tam
725 1193 847 1251 lamen·

84 1289 187 1350 tabile
209 1290 355 1351 verbum.

128 1385 283 1463 Agnosco
305 1387 405 1465 igitur
425 1406 540 1449 vocem
565 1398 671 1464 tuam,
702 1387 847 1463 Christe,

83 1484 121 1543 in
145 1500 243 1544 carne
265 1485 411 1561 passibili
434 1503 492 1562 pro
514 1502 568 1546 me
590 1485 783 1545 clamantem
812 1485 846 1544 in
859 1499 883 1540 ιο

83 1598 197 1642 cruce.
249 1583 332 1643 Nam
371 1583 539 1643 derelictio
574 1592 630 1643 tua
666 1582 846 1643 consolatio

84 1695 173 1753 mea,
195 1678 399 1754 querimonia
420 1689 475 1740 tua
492 1679 679 1756 suffragatio
696 1697 778 1755 mea,
799 1680 847 1739 in·

85 1775 227 1835 firmitas
248 1784 303 1836 tua
330 1777 595 1837 convalescentia
622 1794 711 1851 mea,
742 1792 848 1852 poena

84 1883 144 1933 tua
166 1873 344 1934 satisfactio
366 1889 440 1934 mea
460 1891 519 1950 pro
541 1874 631 1934 omni
646 1883 779 1951 peccato
802 1883 846 1933 at·

83 1987 154 2046 que
176 1971 305 2032 delicto.
348 1971 512 2032 Caelestis
535 1989 571 2032 es
595 1971 761 2046 medicus,
790 1970 845 2047 qui
858 1989 888 2040 rs

82 2068 201 2146 grandi
238 2069 476 2145 compassionis
511 2069 631 2130 affectu
662 2069 845 2129 innumeris

84 2167 279 2227 immersisti
310 2177 343 2228 te
374 2167 541 2227 doloribus
572 2177 604 2227 et
634 2167 760 2244 poenis.
808 2167 846 2226 Et

83 2264 164 2324 ideo
180 2281 253 2323 cum
270 2263 399 2324 infirmo
416 2264 603 2340 infirmaris,
624 2282 698 2325 cum
715 2265 845 2325 dolente

84 2361 199 2436 doleS,
229 2379 303 2421 curn
336 2371 492 2438 peccante
519 2362 739 2437 contristaris,
771 2379 844 2422 curn

83 2458 156 2518 vim
178 2458 320 2534 patiente
342 2460 555 2536 conquereris
577 2468 609 2519 et
631 2476 689 2536 pro
705 2458 881 2518 infirmisa

82 2556 245 2616 membris
266 2557 332 2616 tuis
354 2556 498 2616 clamans
525 2556 729 2633 deprecaris,
758 2556 845 2616 unde

83 2671 153 2714 vox
174 2654 236 2713 ista
266 2672 329 2715 vox
358 2654 466 2715 carnis
488 2664 538 2714 est
560 2663 592 2714 et
614 2653 846 2730 sensualitatis

84 2769 155 2813 non
177 2751 355 2812 murmuris
377 2768 438 2810 nec
461 2751 708 2827 desperationis.
740 2751 846 2813 Sentit

83 2849 220 2928 quidem
244 2866 318 2909 caro
340 2866 498 2925 poenam,
526 2866 609 2925 quae
631 2849 755 2909 nullius
778 2851 845 2909 cul·

83 2964 149 3024 pae
171 2957 306 3007 noverat
320 2963 449 3006 noxam.
480 2946 605 3006 Patitur
619 2963 738 3022 corpus
753 2946 881 3008 inno-as

84 3044 316 3106 centissimum
361 3043 557 3120 supplicium
604 3043 845 3120 gravissimum,

83 3141 197 3203 anima
217 3141 419 3202 beatitudine
442 3158 570 3202 summa
592 3141 791 3218 perfruente,
814 3151 845 3202 et

85 3258 128 3302 ex
152 3239 280 3300 deitatis
302 3239 487 3315 praesentia
508 3239 631 3300 nullius
659 3239 781 3299 doloris
811 3239 845 3298 lit

85 3337 278 3413 minoratio,
310 3337 368 3396 sed
399 3336 557 3397 mirabilis
589 3336 761 3397 exhibetur
791 3353 844 3411 pa·

84 3435 220 3496 tientiae
242 3433 406 3509 fortitudo,
428 3442 463 3494 ut
477 3433 611 3494 humani
626 3432 757 3510 generis
772 3449 880 3509 per-ao

85 3531 215 3592 liciatur
237 3531 428 3607 redemptio.
