2194 4180
106 412 851 522 Qffluasafflffiffl

259 649 530 728 [CAPITVLVM
554 651 698 728 XXXV.]

6 829 16 900 7
133 808 180 866 De
201 808 384 868 venerando
405 809 571 884 sepultura
592 809 724 870 Domini
745 811 825 902 lesu.

99 935 350 1156 &medico
370 1004 401 1054 et
415 995 535 1072 gratias
549 1013 608 1072 ago
624 996 692 1072 tibi,
715 996 855 1056 Domine

6 1125 8 1138 ·
234 1092 308 1152 Iesu
332 1092 483 1168 Christe,
514 1095 594 1156 odor
614 1095 714 1170 vitae,
736 1096 856 1155 candor

97 1188 185 1248 lucis
207 1198 376 1262 aeternae,
405 1207 464 1266 pro
486 1199 540 1250 tua
562 1192 757 1254 suavissima
781 1203 879 1254 con-⁵

98 1286 208 1347 ditura
239 1304 312 1347 cum
344 1288 542 1349 aromatibus
573 1291 742 1368 pretiosis3
773 1309 855 1368 quae

98 1384 178 1444 licet
199 1384 256 1445 tibi
280 1385 467 1446 necessaria
495 1403 561 1446 non
591 1396 679 1448 esset
707 1405 764 1464 pro
788 1406 856 1449 cor·
888 1431 890 1436 -

98 1481 253 1557 ruptione
275 1483 436 1559 pellenda,
458 1494 527 1544 erat
555 1494 663 1547 tamen
693 1505 732 1548 ex
761 1490 857 1549 devo·

97 1579 192 1640 tione
214 1580 439 1642 famulantium
463 1582 519 1642 tibi
535 1583 710 1658 plurimum
727 1593 858 1659 accepta

6 1743 7 1748 η
99 1695 139 1737 ac
168 1678 264 1737 etiam
295 1679 476 1738 secundum
508 1679 656 1740 Iudaicae
685 1691 894 1742 consuetu-¹0

100 1776 190 1835 dinis
213 1775 349 1836 lormam
373 1775 510 1837 licenter
532 1769 745 1852 admittenda,
774 1777 858 1837 sicut

100 1872 142 1932 de
167 1871 334 1932 nonnullis
355 1873 548 1949 patriarchis
570 1869 602 1934 e't
628 1875 760 1951 regibus
782 1875 858 1951 legi·

99 1979 157 2030 tur
178 1971 233 2030 tali
256 1987 348 2031 more
371 1973 518 2048 sepultis,

145 2067 255 2127 Laudo
291 2077 323 2127 et
352 2070 533 2130 honorifico
563 2080 594 2131 te
625 2087 683 2147 pro
712 2070 858 2146 diligenti

100 2164 308 2225 involutione
331 2166 414 2227 sacri
431 2167 578 2244 corporis
599 2167 645 2227 tui
668 2167 701 2228 in
721 2169 858 2228 sindone
872 2184 896 2224 rs

100 2261 226 2322 munda
247 2279 308 2322 nec
330 2280 395 2324 non
418 2281 475 2340 pro
499 2264 626 2325 decenti
649 2265 860 2327 circumvela-

99 2360 193 2421 tione
216 2361 379 2422 benedicti
396 2362 511 2438 capitis
525 2363 571 2422 tui
588 2363 621 2422 in
637 2363 767 2423 sudario
788 2365 859 2423 albo

101 2469 135 2520 et
152 2459 259 2535 'pur0‚
290 2459 378 2535 quod
399 2468 513 2534 postea
541 2470 705 2534 repertum
736 2461 796 2521 luit
826 2461 859 2520 in

102 2556 281 2632 sepulchro
304 2565 427 2616 sancto.

147 2651 257 2713 Laudo
280 2661 312 2712 et
326 2652 473 2728 glorifico
495 2663 527 2713 te
549 2670 607 2729 pro
622 2664 677 2714 tua
692 2654 791 2715 llebili
807 2655 897 2716 de=ao

103 2750 289 2826 portatione
311 2750 351 2810 ad
373 2751 480 2810 locum
504 2752 708 2828 sepulturae,
732 2769 790 2829 pro
813 2769 861 2812 re-

103 2847 250 2907 verenda
272 2846 481 2922 impositione
503 2856 558 2907 tua
579 2857 611 2907 et
631 2848 746 2908 humili
769 2849 862 2908 recli-

104 2945 239 3005 natione
270 2945 303 3005 in
335 2955 549 3005 monumento
580 2963 666 3006 novo
697 2945 737 3006 de
772 2955 863 3021 petra

6 3087 10 3114 ,
104 3041 219 3102 exciso
241 3058 259 3101 a
280 3042 380 3102 nobili
403 3042 579 3103 decurione
596 3044 713 3119 loseph
728 3043 785 3103 tibi
809 3044 863 3103 do-

105 3148 194 3214 nato,
216 3138 288 3215 ubi,
317 3140 393 3217 quia
415 3141 496 3200 hora
516 3141 638 3201 tardior
659 3150 743 3216 erat,
773 3140 899 3200 fuistias

106 3236 289 3296 honorifice
312 3255 386 3299 curn
409 3239 521 3300 multis
544 3239 687 3299 lacrimis
715 3240 863 3315 sepultus

6 3331 17 3417 ἰ
106 3344 205 3411 atque
217 3337 277 3396 sub
288 3337 401 3412 grandi
411 3338 517 3414 lapide
527 3337 714 3397 firmissime
723 3336 863 3397 clausus.

6 3429 7 3444 ¹
150 3433 284 3509 Gaude,
311 3435 508 3496 venerabilis
532 3436 667 3511 Ioseph,
696 3436 735 3495 de
757 3444 864 3494 tantae

107 3530 239 3607 pietatis
262 3532 371 3592 officio
400 3544 432 3592 et
460 3533 501 3593 de
530 3542 594 3592 tam
624 3531 755 3592 sublimi
785 3531 864 3591 cari·

151 3638 244 3676 Romae
258 3649 272 3676 a
287 3638 316 3676 K.
331 3635 391 3678 Med.
472 3636 513 3678 209
732 3637 757 3676 14
