<?xml version="1.0" encoding="UTF-8"?>
<!DOCTYPE html PUBLIC "-//W3C//DTD XHTML 1.0 Transitional//EN"
    "http://www.w3.org/TR/xhtml1/DTD/xhtml1-transitional.dtd">
<html xmlns="http://www.w3.org/1999/xhtml" xml:lang="en" lang="en">
 <head>
  <title>
</title>
<meta http-equiv="Content-Type" content="text/html;charset=utf-8" />
  <meta name='ocr-system' content='tesseract 3.04.00' />
  <meta name='ocr-capabilities' content='ocr_page ocr_carea ocr_par ocr_line ocrx_word'/>
</head>
<body>
  <div class='ocr_page' id='page_1' title='image "./thomaehemerkena02pohlgoog_0126.png"; bbox 0 0 2152 4174; ppageno 0'>
   <div class='ocr_carea' id='block_1_1' title="bbox 105 415 854 524">
    <p class='ocr_par' dir='ltr' id='par_1_1' title="bbox 105 415 854 524">
     <span class='ocr_line' id='line_1_1' title="bbox 105 415 854 524; baseline 0 -3"><span class='ocrx_word' id='word_1_1' title='bbox 105 415 854 524; x_wconf 50' lang='lat' dir='ltr'>Qffsffimufflfflff</span> 
     </span>
    </p>
   </div>
   <div class='ocr_carea' id='block_1_2' title="bbox 97 603 893 1548">
    <p class='ocr_par' dir='ltr' id='par_1_2' title="bbox 97 603 854 780">
     <span class='ocr_line' id='line_1_2' title="bbox 98 603 854 680; baseline 0 -16"><span class='ocrx_word' id='word_1_2' title='bbox 98 621 174 664; x_wconf 93' lang='lat' dir='ltr'>rum</span> <span class='ocrx_word' id='word_1_3' title='bbox 192 603 378 680; x_wconf 80' lang='lat' dir='ltr'><strong>passagium</strong></span> <span class='ocrx_word' id='word_1_4' title='bbox 393 619 570 679; x_wconf 84' lang='lat' dir='ltr'><strong>numquam</strong></span> <span class='ocrx_word' id='word_1_5' title='bbox 587 604 769 680; x_wconf 83' lang='lat' dir='ltr'><strong>ambulasti,</strong></span> <span class='ocrx_word' id='word_1_6' title='bbox 790 613 854 664; x_wconf 93' lang='lat' dir='ltr'>tam</span> 
     </span>
     <span class='ocr_line' id='line_1_3' title="bbox 97 701 710 780; baseline -0.003 -16"><span class='ocrx_word' id='word_1_7' title='bbox 97 703 238 780; x_wconf 91' lang='lat' dir='ltr'>poenale</span> <span class='ocrx_word' id='word_1_8' title='bbox 261 703 371 780; x_wconf 87' lang='lat' dir='ltr'>iugum</span> <span class='ocrx_word' id='word_1_9' title='bbox 389 720 574 780; x_wconf 80' lang='lat' dir='ltr'><strong>numquam</strong></span> <span class='ocrx_word' id='word_1_10' title='bbox 597 701 710 762; x_wconf 92' lang='lat' dir='ltr'>tulisti.</span> 
     </span>
    </p>

    <p class='ocr_par' dir='ltr' id='par_1_3' title="bbox 98 800 893 1548">
     <span class='ocr_line' id='line_1_4' title="bbox 142 800 858 878; baseline -0.006 -16"><span class='ocrx_word' id='word_1_11' title='bbox 142 801 251 863; x_wconf 86' lang='lat' dir='ltr'>Laudo</span> <span class='ocrx_word' id='word_1_12' title='bbox 281 810 313 861; x_wconf 91' lang='lat' dir='ltr'>et</span> <span class='ocrx_word' id='word_1_13' title='bbox 341 802 548 878; x_wconf 85' lang='lat' dir='ltr'>superexalto</span> <span class='ocrx_word' id='word_1_14' title='bbox 576 811 609 862; x_wconf 91' lang='lat' dir='ltr'>te</span> <span class='ocrx_word' id='word_1_15' title='bbox 636 817 694 877; x_wconf 93' lang='lat' dir='ltr'>pro</span> <span class='ocrx_word' id='word_1_16' title='bbox 716 800 771 860; x_wconf 89' lang='lat' dir='ltr'>illa</span> <span class='ocrx_word' id='word_1_17' title='bbox 792 817 858 859; x_wconf 90' lang='lat' dir='ltr'>ma-</span> 
     </span>
     <span class='ocr_line' id='line_1_5' title="bbox 99 897 857 976; baseline -0.008 -14"><span class='ocrx_word' id='word_1_18' title='bbox 99 902 188 962; x_wconf 88' lang='lat' dir='ltr'>xima</span> <span class='ocrx_word' id='word_1_19' title='bbox 217 899 438 976; x_wconf 85' lang='lat' dir='ltr'>vilipensione</span> <span class='ocrx_word' id='word_1_20' title='bbox 466 917 484 959; x_wconf 89' lang='lat' dir='ltr'><strong>a</strong></span> <span class='ocrx_word' id='word_1_21' title='bbox 511 899 682 959; x_wconf 90' lang='lat' dir='ltr'>vilissimis</span> <span class='ocrx_word' id='word_1_22' title='bbox 705 897 857 974; x_wconf 91' lang='lat' dir='ltr'>personis</span> 
     </span>
     <span class='ocr_line' id='line_1_6' title="bbox 98 994 880 1072; baseline -0.005 -12"><span class='ocrx_word' id='word_1_23' title='bbox 98 1010 132 1061; x_wconf 90' lang='lat' dir='ltr'>te</span> <span class='ocrx_word' id='word_1_24' title='bbox 165 998 397 1072; x_wconf 87' lang='lat' dir='ltr'>educentibus,</span> <span class='ocrx_word' id='word_1_25' title='bbox 427 997 633 1057; x_wconf 81' lang='lat' dir='ltr'>trahentibus</span> <span class='ocrx_word' id='word_1_26' title='bbox 661 1005 694 1055; x_wconf 89' lang='lat' dir='ltr'>et</span> <span class='ocrx_word' id='word_1_27' title='bbox 723 994 781 1055; x_wconf 92' lang='lat' dir='ltr'>tibi</span> <span class='ocrx_word' id='word_1_28' title='bbox 811 995 880 1056; x_wconf 84' lang='lat' dir='ltr'>in·s</span> 
     </span>
     <span class='ocr_line' id='line_1_7' title="bbox 99 1093 858 1172; baseline -0.007 -15"><span class='ocrx_word' id='word_1_29' title='bbox 99 1095 309 1171; x_wconf 82' lang='lat' dir='ltr'>saltantibus,</span> <span class='ocrx_word' id='word_1_30' title='bbox 323 1112 382 1172; x_wconf 93' lang='lat' dir='ltr'>pro</span> <span class='ocrx_word' id='word_1_31' title='bbox 393 1096 505 1156; x_wconf 89' lang='lat' dir='ltr'>multis</span> <span class='ocrx_word' id='word_1_32' title='bbox 519 1094 687 1172; x_wconf 88' lang='lat' dir='ltr'>probrosis</span> <span class='ocrx_word' id='word_1_33' title='bbox 700 1093 858 1154; x_wconf 86' lang='lat' dir='ltr'>sermoni·</span> 
     </span>
     <span class='ocr_line' id='line_1_8' title="bbox 98 1190 858 1270; baseline -0.007 -15"><span class='ocrx_word' id='word_1_34' title='bbox 98 1197 162 1255; x_wconf 92' lang='lat' dir='ltr'>bus</span> <span class='ocrx_word' id='word_1_35' title='bbox 184 1210 284 1270; x_wconf 92' lang='lat' dir='ltr'>super</span> <span class='ocrx_word' id='word_1_36' title='bbox 304 1202 337 1253; x_wconf 90' lang='lat' dir='ltr'>te</span> <span class='ocrx_word' id='word_1_37' title='bbox 352 1193 454 1269; x_wconf 92' lang='lat' dir='ltr'>iactis,</span> <span class='ocrx_word' id='word_1_38' title='bbox 477 1210 535 1269; x_wconf 92' lang='lat' dir='ltr'>pro</span> <span class='ocrx_word' id='word_1_39' title='bbox 557 1190 744 1252; x_wconf 93' lang='lat' dir='ltr'>criminosis</span> <span class='ocrx_word' id='word_1_40' title='bbox 766 1192 858 1251; x_wconf 91' lang='lat' dir='ltr'>dero·</span> 
     </span>
     <span class='ocr_line' id='line_1_9' title="bbox 98 1288 857 1370; baseline -0.003 -18"><span class='ocrx_word' id='word_1_41' title='bbox 98 1292 284 1370; x_wconf 88' lang='lat' dir='ltr'>gationibus</span> <span class='ocrx_word' id='word_1_42' title='bbox 320 1299 432 1350; x_wconf 91' lang='lat' dir='ltr'>contra</span> <span class='ocrx_word' id='word_1_43' title='bbox 459 1300 547 1352; x_wconf 92' lang='lat' dir='ltr'>tuam</span> <span class='ocrx_word' id='word_1_44' title='bbox 575 1288 795 1351; x_wconf 86' lang='lat' dir='ltr'>innocentiam</span> <span class='ocrx_word' id='word_1_45' title='bbox 824 1289 857 1350; x_wconf 95' lang='lat' dir='ltr'>in</span> 
     </span>
     <span class='ocr_line' id='line_1_10' title="bbox 99 1386 857 1463; baseline -0.007 -12"><span class='ocrx_word' id='word_1_46' title='bbox 99 1392 155 1451; x_wconf 88' lang='lat' dir='ltr'>via</span> <span class='ocrx_word' id='word_1_47' title='bbox 190 1389 368 1449; x_wconf 85' lang='lat' dir='ltr'>falsissime</span> <span class='ocrx_word' id='word_1_48' title='bbox 404 1387 567 1463; x_wconf 91' lang='lat' dir='ltr'>recitatis,</span> <span class='ocrx_word' id='word_1_49' title='bbox 592 1405 668 1463; x_wconf 90' lang='lat' dir='ltr'>pro</span> <span class='ocrx_word' id='word_1_50' title='bbox 703 1386 857 1448; x_wconf 89' lang='lat' dir='ltr'>insolenti</span> 
     </span>
     <span class='ocr_line' id='line_1_11' title="bbox 99 1485 893 1548; baseline -0.004 0"><span class='ocrx_word' id='word_1_51' title='bbox 99 1487 301 1548; x_wconf 85' lang='lat' dir='ltr'>exultatione</span> <span class='ocrx_word' id='word_1_52' title='bbox 322 1486 583 1547; x_wconf 87' lang='lat' dir='ltr'>adversariorum</span> <span class='ocrx_word' id='word_1_53' title='bbox 606 1487 646 1546; x_wconf 90' lang='lat' dir='ltr'>de</span> <span class='ocrx_word' id='word_1_54' title='bbox 663 1494 719 1545; x_wconf 88' lang='lat' dir='ltr'>tua</span> <span class='ocrx_word' id='word_1_55' title='bbox 734 1485 857 1546; x_wconf 90' lang='lat' dir='ltr'>crudeli</span> <span class='ocrx_word' id='word_1_56' title='bbox 869 1504 893 1546; x_wconf 89' lang='lat' dir='ltr'>ro</span> 
     </span>
    </p>
   </div>
   <div class='ocr_carea' id='block_1_3' title="bbox 1 1575 857 1659">
    <p class='ocr_par' dir='ltr' id='par_1_4' title="bbox 1 1575 857 1659">
     <span class='ocr_line' id='line_1_12' title="bbox 1 1575 857 1659; baseline -0.011 -8"><span class='ocrx_word' id='word_1_57' title='bbox 1 1575 2 1586; x_wconf 39' lang='lat'>¹</span> <span class='ocrx_word' id='word_1_58' title='bbox 98 1595 206 1651; x_wconf 90' lang='lat' dir='ltr'>morte</span> <span class='ocrx_word' id='word_1_59' title='bbox 234 1603 271 1646; x_wconf 92' lang='lat' dir='ltr'>ac</span> <span class='ocrx_word' id='word_1_60' title='bbox 301 1585 492 1645; x_wconf 93' lang='lat' dir='ltr'>scandalosa</span> <span class='ocrx_word' id='word_1_61' title='bbox 521 1583 739 1659; x_wconf 87' lang='lat' dir='ltr'>suspensione</span> <span class='ocrx_word' id='word_1_62' title='bbox 764 1584 857 1643; x_wconf 91' lang='lat' dir='ltr'>valde</span> 
     </span>
    </p>
   </div>
   <div class='ocr_carea' id='block_1_4' title="bbox 98 1681 858 1956">
    <p class='ocr_par' dir='ltr' id='par_1_5' title="bbox 98 1681 858 1956">
     <span class='ocr_line' id='line_1_13' title="bbox 98 1681 858 1759; baseline -0.007 -14"><span class='ocrx_word' id='word_1_63' title='bbox 98 1683 300 1746; x_wconf 88' lang='lat' dir='ltr'>laetantium.</span> <span class='ocrx_word' id='word_1_64' title='bbox 353 1683 442 1742; x_wconf 90' lang='lat' dir='ltr'>Inter</span> <span class='ocrx_word' id='word_1_65' title='bbox 475 1699 559 1759; x_wconf 92' lang='lat' dir='ltr'>quae</span> <span class='ocrx_word' id='word_1_66' title='bbox 595 1682 679 1741; x_wconf 89' lang='lat' dir='ltr'>mala</span> <span class='ocrx_word' id='word_1_67' title='bbox 713 1681 858 1758; x_wconf 87' lang='lat' dir='ltr'>undique</span> 
     </span>
     <span class='ocr_line' id='line_1_14' title="bbox 99 1779 858 1858; baseline -0.007 -15"><span class='ocrx_word' id='word_1_68' title='bbox 99 1781 292 1858; x_wconf 84' lang='lat' dir='ltr'>conglobata</span> <span class='ocrx_word' id='word_1_69' title='bbox 319 1779 389 1839; x_wconf 91' lang='lat' dir='ltr'>ibas</span> <span class='ocrx_word' id='word_1_70' title='bbox 418 1779 503 1839; x_wconf 91' lang='lat' dir='ltr'>sicut</span> <span class='ocrx_word' id='word_1_71' title='bbox 531 1796 634 1856; x_wconf 88' lang='lat' dir='ltr'>agnus</span> <span class='ocrx_word' id='word_1_72' title='bbox 656 1787 858 1854; x_wconf 91' lang='lat' dir='ltr'>mansuetus,</span> 
     </span>
     <span class='ocr_line' id='line_1_15' title="bbox 99 1876 858 1956; baseline -0.003 -18"><span class='ocrx_word' id='word_1_73' title='bbox 99 1877 157 1956; x_wconf 92' lang='lat' dir='ltr'>qui</span> <span class='ocrx_word' id='word_1_74' title='bbox 179 1885 327 1952; x_wconf 87' lang='lat' dir='ltr'>portatur</span> <span class='ocrx_word' id='word_1_75' title='bbox 340 1877 379 1936; x_wconf 93' lang='lat' dir='ltr'>ad</span> <span class='ocrx_word' id='word_1_76' title='bbox 394 1876 570 1952; x_wconf 93' lang='lat' dir='ltr'>victimam,</span> <span class='ocrx_word' id='word_1_77' title='bbox 592 1884 736 1937; x_wconf 92' lang='lat' dir='ltr'>nostram</span> <span class='ocrx_word' id='word_1_78' title='bbox 756 1876 858 1936; x_wconf 91' lang='lat' dir='ltr'>medi-</span> 
     </span>
    </p>
   </div>
   <div class='ocr_carea' id='block_1_5' title="bbox 1 1973 891 2049">
    <p class='ocr_par' dir='ltr' id='par_1_6' title="bbox 1 1973 891 2049">
     <span class='ocr_line' id='line_1_16' title="bbox 1 1973 891 2049; baseline 0 -15"><span class='ocrx_word' id='word_1_79' title='bbox 1 1989 2 1997; x_wconf 54' lang='lat'><em>*</em></span> <span class='ocrx_word' id='word_1_80' title='bbox 97 1975 199 2035; x_wconf 92' lang='lat' dir='ltr'>tando</span> <span class='ocrx_word' id='word_1_81' title='bbox 234 1974 392 2049; x_wconf 90' lang='lat' dir='ltr'>salutem,</span> <span class='ocrx_word' id='word_1_82' title='bbox 436 1973 629 2034; x_wconf 91' lang='lat' dir='ltr'>ludaeorum</span> <span class='ocrx_word' id='word_1_83' title='bbox 670 1973 891 2034; x_wconf 83' lang='lat' dir='ltr'>miserandors</span> 
     </span>
    </p>
   </div>
   <div class='ocr_carea' id='block_1_6' title="bbox 94 2071 893 2736">
    <p class='ocr_par' dir='ltr' id='par_1_7' title="bbox 96 2071 857 2247">
     <span class='ocr_line' id='line_1_17' title="bbox 98 2071 857 2148; baseline 0 -16"><span class='ocrx_word' id='word_1_84' title='bbox 98 2071 290 2132; x_wconf 88' lang='lat' dir='ltr'>caecitatem</span> <span class='ocrx_word' id='word_1_85' title='bbox 322 2080 419 2148; x_wconf 88' lang='lat' dir='ltr'>atque</span> <span class='ocrx_word' id='word_1_86' title='bbox 450 2073 621 2133; x_wconf 90' lang='lat' dir='ltr'>ductorum</span> <span class='ocrx_word' id='word_1_87' title='bbox 650 2081 779 2132; x_wconf 92' lang='lat' dir='ltr'>tuorum</span> <span class='ocrx_word' id='word_1_88' title='bbox 809 2073 857 2133; x_wconf 92' lang='lat' dir='ltr'>in-</span> 
     </span>
     <span class='ocr_line' id='line_1_18' title="bbox 96 2169 580 2247; baseline 0.002 -18"><span class='ocrx_word' id='word_1_89' title='bbox 96 2169 311 2247; x_wconf 86' lang='lat' dir='ltr'>gemiscendo</span> <span class='ocrx_word' id='word_1_90' title='bbox 333 2187 392 2246; x_wconf 95' lang='lat' dir='ltr'>pro</span> <span class='ocrx_word' id='word_1_91' title='bbox 414 2170 580 2231; x_wconf 86' lang='lat' dir='ltr'>malitiam.</span> 
     </span>
    </p>

    <p class='ocr_par' dir='ltr' id='par_1_8' title="bbox 94 2267 893 2736">
     <span class='ocr_line' id='line_1_19' title="bbox 142 2267 857 2345; baseline 0.004 -20"><span class='ocrx_word' id='word_1_92' title='bbox 142 2267 251 2326; x_wconf 92' lang='lat' dir='ltr'>Laudo</span> <span class='ocrx_word' id='word_1_93' title='bbox 267 2276 299 2326; x_wconf 91' lang='lat' dir='ltr'>et</span> <span class='ocrx_word' id='word_1_94' title='bbox 313 2268 472 2328; x_wconf 87' lang='lat' dir='ltr'>benedico</span> <span class='ocrx_word' id='word_1_95' title='bbox 487 2276 520 2328; x_wconf 90' lang='lat' dir='ltr'>te</span> <span class='ocrx_word' id='word_1_96' title='bbox 534 2285 593 2345; x_wconf 94' lang='lat' dir='ltr'>pro</span> <span class='ocrx_word' id='word_1_97' title='bbox 609 2268 717 2329; x_wconf 93' lang='lat' dir='ltr'>cordis</span> <span class='ocrx_word' id='word_1_98' title='bbox 727 2268 857 2345; x_wconf 83' lang='lat' dir='ltr'>affectu,</span> 
     </span>
     <span class='ocr_line' id='line_1_20' title="bbox 95 2365 857 2443; baseline 0.003 -18"><span class='ocrx_word' id='word_1_99' title='bbox 95 2382 158 2443; x_wconf 91' lang='lat' dir='ltr'>pro</span> <span class='ocrx_word' id='word_1_100' title='bbox 180 2365 356 2427; x_wconf 90' lang='lat' dir='ltr'>uberrimis</span> <span class='ocrx_word' id='word_1_101' title='bbox 371 2367 550 2427; x_wconf 89' lang='lat' dir='ltr'>amicorum</span> <span class='ocrx_word' id='word_1_102' title='bbox 566 2376 696 2427; x_wconf 91' lang='lat' dir='ltr'>tuorum</span> <span class='ocrx_word' id='word_1_103' title='bbox 713 2365 857 2427; x_wconf 93' lang='lat' dir='ltr'>lacrimis</span> 
     </span>
     <span class='ocr_line' id='line_1_21' title="bbox 95 2464 893 2541; baseline 0.004 -19"><span class='ocrx_word' id='word_1_104' title='bbox 95 2471 233 2540; x_wconf 90' lang='lat' dir='ltr'>propter</span> <span class='ocrx_word' id='word_1_105' title='bbox 262 2473 294 2524; x_wconf 91' lang='lat' dir='ltr'>te</span> <span class='ocrx_word' id='word_1_106' title='bbox 325 2465 601 2541; x_wconf 89' lang='lat' dir='ltr'>compassibiliter</span> <span class='ocrx_word' id='word_1_107' title='bbox 631 2464 763 2540; x_wconf 83' lang='lat' dir='ltr'>effusis,</span> <span class='ocrx_word' id='word_1_108' title='bbox 798 2482 893 2540; x_wconf 84' lang='lat' dir='ltr'>proao</span> 
     </span>
     <span class='ocr_line' id='line_1_22' title="bbox 95 2560 855 2623; baseline 0.004 -4"><span class='ocrx_word' id='word_1_109' title='bbox 95 2561 218 2620; x_wconf 90' lang='lat' dir='ltr'>devoto</span> <span class='ocrx_word' id='word_1_110' title='bbox 234 2560 496 2622; x_wconf 89' lang='lat' dir='ltr'>misericordium</span> <span class='ocrx_word' id='word_1_111' title='bbox 512 2562 687 2623; x_wconf 90' lang='lat' dir='ltr'>mulierum</span> <span class='ocrx_word' id='word_1_112' title='bbox 703 2561 855 2622; x_wconf 89' lang='lat' dir='ltr'>comitatu</span> 
     </span>
     <span class='ocr_line' id='line_1_23' title="bbox 94 2659 857 2736; baseline 0.003 -19"><span class='ocrx_word' id='word_1_113' title='bbox 94 2666 253 2732; x_wconf 86' lang='lat' dir='ltr'>superte</span> <span class='ocrx_word' id='word_1_114' title='bbox 276 2659 479 2720; x_wconf 88' lang='lat' dir='ltr'>amarissime</span> <span class='ocrx_word' id='word_1_115' title='bbox 504 2660 745 2736; x_wconf 85' lang='lat' dir='ltr'>plangentium,</span> <span class='ocrx_word' id='word_1_116' title='bbox 774 2675 857 2736; x_wconf 87' lang='lat' dir='ltr'>quae</span> 
     </span>
    </p>
   </div>
   <div class='ocr_carea' id='block_1_7' title="bbox 1 2755 858 2833">
    <p class='ocr_par' dir='ltr' id='par_1_9' title="bbox 1 2755 858 2833">
     <span class='ocr_line' id='line_1_24' title="bbox 1 2755 858 2833; baseline -0.002 -13"><span class='ocrx_word' id='word_1_117' title='bbox 1 2803 2 2820; x_wconf 44' lang='lat' dir='ltr'>r</span> <span class='ocrx_word' id='word_1_118' title='bbox 94 2756 287 2816; x_wconf 88' lang='lat' dir='ltr'>verecunde</span> <span class='ocrx_word' id='word_1_119' title='bbox 309 2775 327 2816; x_wconf 90' lang='lat' dir='ltr'>a</span> <span class='ocrx_word' id='word_1_120' title='bbox 347 2767 439 2833; x_wconf 87' lang='lat' dir='ltr'>tergo</span> <span class='ocrx_word' id='word_1_121' title='bbox 461 2756 615 2817; x_wconf 90' lang='lat' dir='ltr'>demissis</span> <span class='ocrx_word' id='word_1_122' title='bbox 630 2757 774 2817; x_wconf 92' lang='lat' dir='ltr'>vultibus</span> <span class='ocrx_word' id='word_1_123' title='bbox 797 2755 858 2818; x_wconf 91' lang='lat' dir='ltr'>iter</span> 
     </span>
    </p>
   </div>
   <div class='ocr_carea' id='block_1_8' title="bbox 94 2855 934 3518">
    <p class='ocr_par' dir='ltr' id='par_1_10' title="bbox 94 2855 934 3518">
     <span class='ocr_line' id='line_1_25' title="bbox 94 2855 856 2932; baseline 0.004 -20"><span class='ocrx_word' id='word_1_124' title='bbox 94 2861 191 2913; x_wconf 91' lang='lat' dir='ltr'>tuum</span> <span class='ocrx_word' id='word_1_125' title='bbox 221 2855 374 2930; x_wconf 91' lang='lat' dir='ltr'>paulatim</span> <span class='ocrx_word' id='word_1_126' title='bbox 400 2855 666 2932; x_wconf 89' lang='lat' dir='ltr'>insequebantur.</span> <span class='ocrx_word' id='word_1_127' title='bbox 710 2855 856 2932; x_wconf 91' lang='lat' dir='ltr'>Quarum</span> 
     </span>
     <span class='ocr_line' id='line_1_26' title="bbox 94 2951 934 3030; baseline 0.01 -20"><span class='ocrx_word' id='word_1_128' title='bbox 94 2951 286 3013; x_wconf 89' lang='lat' dir='ltr'>luctuosum</span> <span class='ocrx_word' id='word_1_129' title='bbox 309 2953 486 3030; x_wconf 86' lang='lat' dir='ltr'>singultum</span> <span class='ocrx_word' id='word_1_130' title='bbox 507 2953 647 3029; x_wconf 84' lang='lat' dir='ltr'>benigna</span> <span class='ocrx_word' id='word_1_131' title='bbox 662 2953 895 3018; x_wconf 80' lang='lat' dir='ltr'>allocutioneas</span> <span class='ocrx_word' id='word_1_132' title='bbox 932 2983 934 2988; x_wconf 34' lang='lat'>⁸</span> 
     </span>
     <span class='ocr_line' id='line_1_27' title="bbox 94 3049 857 3128; baseline 0.005 -21"><span class='ocrx_word' id='word_1_133' title='bbox 94 3049 137 3108; x_wconf 89' lang='lat' dir='ltr'>ad</span> <span class='ocrx_word' id='word_1_134' title='bbox 153 3066 210 3108; x_wconf 93' lang='lat' dir='ltr'>eas</span> <span class='ocrx_word' id='word_1_135' title='bbox 226 3066 408 3111; x_wconf 91' lang='lat' dir='ltr'>conversus</span> <span class='ocrx_word' id='word_1_136' title='bbox 423 3050 618 3127; x_wconf 92' lang='lat' dir='ltr'>prohibuisti</span> <span class='ocrx_word' id='word_1_137' title='bbox 634 3051 678 3111; x_wconf 90' lang='lat' dir='ltr'>ita</span> <span class='ocrx_word' id='word_1_138' title='bbox 689 3051 857 3128; x_wconf 88' lang='lat' dir='ltr'>inquiens:</span> 
     </span>
     <span class='ocr_line' id='line_1_28' title="bbox 96 3144 857 3225; baseline 0.007 -21"><span class='ocrx_word' id='word_1_139' title='bbox 96 3144 199 3205; x_wconf 90' lang='lat' dir='ltr'>Filiae</span> <span class='ocrx_word' id='word_1_140' title='bbox 224 3146 420 3223; x_wconf 85' lang='lat' dir='ltr'>Ierusalem,</span> <span class='ocrx_word' id='word_1_141' title='bbox 448 3148 549 3209; x_wconf 91' lang='lat' dir='ltr'>nolite</span> <span class='ocrx_word' id='word_1_142' title='bbox 572 3148 651 3208; x_wconf 87' lang='lat' dir='ltr'>llere</span> <span class='ocrx_word' id='word_1_143' title='bbox 673 3165 773 3224; x_wconf 90' lang='lat' dir='ltr'>super</span> <span class='ocrx_word' id='word_1_144' title='bbox 794 3166 857 3225; x_wconf 90' lang='lat' dir='ltr'>me,</span> 
     </span>
     <span class='ocr_line' id='line_1_29' title="bbox 95 3244 896 3323; baseline 0.006 -21"><span class='ocrx_word' id='word_1_145' title='bbox 95 3244 156 3303; x_wconf 90' lang='lat' dir='ltr'>sed</span> <span class='ocrx_word' id='word_1_146' title='bbox 179 3260 282 3320; x_wconf 91' lang='lat' dir='ltr'>super</span> <span class='ocrx_word' id='word_1_147' title='bbox 302 3262 362 3306; x_wconf 92' lang='lat' dir='ltr'>vos</span> <span class='ocrx_word' id='word_1_148' title='bbox 384 3247 472 3322; x_wconf 92' lang='lat' dir='ltr'>ipsas</span> <span class='ocrx_word' id='word_1_149' title='bbox 499 3246 575 3307; x_wconf 86' lang='lat' dir='ltr'>flete</span> <span class='ocrx_word' id='word_1_150' title='bbox 597 3255 629 3306; x_wconf 92' lang='lat' dir='ltr'>et</span> <span class='ocrx_word' id='word_1_151' title='bbox 651 3264 751 3323; x_wconf 92' lang='lat' dir='ltr'>super</span> <span class='ocrx_word' id='word_1_152' title='bbox 772 3246 857 3307; x_wconf 87' lang='lat' dir='ltr'>lilios</span> <span class='ocrx_word' id='word_1_153' title='bbox 892 3291 896 3298; x_wconf 82' lang='grc'><strong>.</strong></span> 
     </span>
     <span class='ocr_line' id='line_1_30' title="bbox 94 3341 857 3420; baseline 0.007 -20"><span class='ocrx_word' id='word_1_154' title='bbox 94 3349 238 3401; x_wconf 87' lang='lat' dir='ltr'>vestros.</span> <span class='ocrx_word' id='word_1_155' title='bbox 291 3341 378 3418; x_wconf 88' lang='lat' dir='ltr'>Quia</span> <span class='ocrx_word' id='word_1_156' title='bbox 408 3344 436 3404; x_wconf 89' lang='lat' dir='ltr'>si</span> <span class='ocrx_word' id='word_1_157' title='bbox 468 3344 501 3404; x_wconf 94' lang='lat' dir='ltr'>in</span> <span class='ocrx_word' id='word_1_158' title='bbox 532 3344 627 3405; x_wconf 93' lang='lat' dir='ltr'>viridi</span> <span class='ocrx_word' id='word_1_159' title='bbox 658 3343 745 3420; x_wconf 87' lang='lat' dir='ltr'>ligno</span> <span class='ocrx_word' id='word_1_160' title='bbox 776 3345 857 3405; x_wconf 90' lang='lat' dir='ltr'>haec</span> 
     </span>
     <span class='ocr_line' id='line_1_31' title="bbox 94 3439 894 3518; baseline 0 -18"><span class='ocrx_word' id='word_1_161' title='bbox 94 3439 239 3515; x_wconf 84' lang='lat' dir='ltr'>faciunt,</span> <span class='ocrx_word' id='word_1_162' title='bbox 269 3441 302 3501; x_wconf 93' lang='lat' dir='ltr'>in</span> <span class='ocrx_word' id='word_1_163' title='bbox 328 3440 417 3501; x_wconf 90' lang='lat' dir='ltr'>arido</span> <span class='ocrx_word' id='word_1_164' title='bbox 439 3441 517 3518; x_wconf 92' lang='lat' dir='ltr'>quid</span> <span class='ocrx_word' id='word_1_165' title='bbox 540 3440 622 3501; x_wconf 77' lang='lat' dir='ltr'>liet?</span> <span class='ocrx_word' id='word_1_166' title='bbox 664 3440 894 3517; x_wconf 81' lang='lat' dir='ltr'>Oquantusso</span> 
     </span>
    </p>
   </div>
   <div class='ocr_carea' id='block_1_9' title="bbox 93 3539 857 3686">
    <p class='ocr_par' dir='ltr' id='par_1_11' title="bbox 93 3539 857 3686">
     <span class='ocr_line' id='line_1_32' title="bbox 93 3539 857 3600; baseline 0 -2"><span class='ocrx_word' id='word_1_167' title='bbox 93 3547 176 3598; x_wconf 89' lang='lat' dir='ltr'>tunc</span> <span class='ocrx_word' id='word_1_168' title='bbox 206 3548 275 3599; x_wconf 90' lang='lat' dir='ltr'>erat</span> <span class='ocrx_word' id='word_1_169' title='bbox 304 3540 411 3600; x_wconf 91' lang='lat' dir='ltr'>luctus</span> <span class='ocrx_word' id='word_1_170' title='bbox 440 3539 586 3599; x_wconf 92' lang='lat' dir='ltr'>omnium</span> <span class='ocrx_word' id='word_1_171' title='bbox 616 3555 764 3599; x_wconf 90' lang='lat' dir='ltr'>carorum</span> <span class='ocrx_word' id='word_1_172' title='bbox 787 3549 857 3600; x_wconf 92' lang='lat' dir='ltr'>tuo·</span> 
     </span>
     <span class='ocr_line' id='line_1_33' title="bbox 463 3643 501 3686; baseline 0 0"><span class='ocrx_word' id='word_1_173' title='bbox 463 3643 501 3686; x_wconf 88' lang='lat'>107</span> 
     </span>
    </p>
   </div>
   <div class='ocr_carea' id='block_1_10' title="bbox 0 0 1080 4174">
    <p class='ocr_par' dir='ltr' id='par_1_12' title="bbox 0 0 1080 4174">
     <span class='ocr_line' id='line_1_34' title="bbox 0 0 1080 4174; baseline 0 0"><span class='ocrx_word' id='word_1_174' title='bbox 0 0 1080 4174; x_wconf 95' lang='lat' dir='ltr'> </span> 
     </span>
    </p>
   </div>
  </div>
 </body>
</html>
