<?xml version="1.0" encoding="UTF-8"?>
<!DOCTYPE html PUBLIC "-//W3C//DTD XHTML 1.0 Transitional//EN"
    "http://www.w3.org/TR/xhtml1/DTD/xhtml1-transitional.dtd">
<html xmlns="http://www.w3.org/1999/xhtml" xml:lang="en" lang="en">
 <head>
  <title>
</title>
<meta http-equiv="Content-Type" content="text/html;charset=utf-8" />
  <meta name='ocr-system' content='tesseract 3.04.00' />
  <meta name='ocr-capabilities' content='ocr_page ocr_carea ocr_par ocr_line ocrx_word'/>
</head>
<body>
  <div class='ocr_page' id='page_1' title='image "./thomaehemerkena02pohlgoog_0098.png"; bbox 0 0 2152 4174; ppageno 0'>
   <div class='ocr_carea' id='block_1_1' title="bbox 61 414 809 526">
    <p class='ocr_par' dir='ltr' id='par_1_1' title="bbox 61 414 809 526">
     <span class='ocr_line' id='line_1_1' title="bbox 61 414 809 526; baseline 0.004 -3"><span class='ocrx_word' id='word_1_1' title='bbox 61 414 809 526; x_wconf 46' lang='lat' dir='ltr'>Qmmufflffi</span> 
     </span>
    </p>
   </div>
   <div class='ocr_carea' id='block_1_2' title="bbox 12 602 895 3509">
    <p class='ocr_par' dir='ltr' id='par_1_2' title="bbox 54 602 850 1654">
     <span class='ocr_line' id='line_1_2' title="bbox 54 602 813 664; baseline 0.005 -4"><span class='ocrx_word' id='word_1_2' title='bbox 54 618 203 662; x_wconf 90' lang='lat' dir='ltr'>necnon</span> <span class='ocrx_word' id='word_1_3' title='bbox 226 602 350 661; x_wconf 87' lang='lat' dir='ltr'>crebris</span> <span class='ocrx_word' id='word_1_4' title='bbox 377 620 414 662; x_wconf 84' lang='lat' dir='ltr'>ac</span> <span class='ocrx_word' id='word_1_5' title='bbox 437 603 527 662; x_wconf 91' lang='lat' dir='ltr'>duris</span> <span class='ocrx_word' id='word_1_6' title='bbox 549 603 757 664; x_wconf 86' lang='lat' dir='ltr'>tunsionibus</span> <span class='ocrx_word' id='word_1_7' title='bbox 780 605 813 664; x_wconf 95' lang='lat' dir='ltr'>in</span> 
     </span>
     <span class='ocr_line' id='line_1_3' title="bbox 56 699 814 778; baseline 0.004 -20"><span class='ocrx_word' id='word_1_8' title='bbox 56 699 136 759; x_wconf 86' lang='lat' dir='ltr'>facie</span> <span class='ocrx_word' id='word_1_9' title='bbox 166 709 199 759; x_wconf 91' lang='lat' dir='ltr'>et</span> <span class='ocrx_word' id='word_1_10' title='bbox 227 699 260 758; x_wconf 94' lang='lat' dir='ltr'>in</span> <span class='ocrx_word' id='word_1_11' title='bbox 290 699 395 775; x_wconf 91' lang='lat' dir='ltr'>capite</span> <span class='ocrx_word' id='word_1_12' title='bbox 417 717 604 776; x_wconf 90' lang='lat' dir='ltr'>percussus.</span> <span class='ocrx_word' id='word_1_13' title='bbox 649 702 722 761; x_wconf 87' lang='lat' dir='ltr'>Heu</span> <span class='ocrx_word' id='word_1_14' title='bbox 745 702 814 778; x_wconf 96' lang='lat' dir='ltr'>pul-</span> 
     </span>
     <span class='ocr_line' id='line_1_4' title="bbox 56 796 814 874; baseline 0.004 -18"><span class='ocrx_word' id='word_1_15' title='bbox 56 797 218 857; x_wconf 91' lang='lat' dir='ltr'>cherrima</span> <span class='ocrx_word' id='word_1_16' title='bbox 240 796 341 857; x_wconf 88' lang='lat' dir='ltr'>iacies</span> <span class='ocrx_word' id='word_1_17' title='bbox 363 807 427 872; x_wconf 91' lang='lat' dir='ltr'>tua,</span> <span class='ocrx_word' id='word_1_18' title='bbox 451 797 603 874; x_wconf 91' lang='lat' dir='ltr'>inquam</span> <span class='ocrx_word' id='word_1_19' title='bbox 626 799 738 859; x_wconf 89' lang='lat' dir='ltr'>videre</span> <span class='ocrx_word' id='word_1_20' title='bbox 761 799 814 859; x_wconf 93' lang='lat' dir='ltr'>de·</span> 
     </span>
     <span class='ocr_line' id='line_1_5' title="bbox 57 895 813 971; baseline 0.003 -17"><span class='ocrx_word' id='word_1_21' title='bbox 57 895 216 955; x_wconf 83' lang='lat' dir='ltr'>lactantur</span> <span class='ocrx_word' id='word_1_22' title='bbox 236 895 353 971; x_wconf 83' lang='lat' dir='ltr'>angeli,</span> <span class='ocrx_word' id='word_1_23' title='bbox 377 895 602 956; x_wconf 75' lang='lat' dir='ltr'>foetidissimis</span> <span class='ocrx_word' id='word_1_24' title='bbox 621 896 813 957; x_wconf 87' lang='lat' dir='ltr'>ludaeorum</span> 
     </span>
     <span class='ocr_line' id='line_1_6' title="bbox 58 992 837 1070; baseline -0.003 -19"><span class='ocrx_word' id='word_1_25' title='bbox 58 993 160 1068; x_wconf 91' lang='lat' dir='ltr'>sputis</span> <span class='ocrx_word' id='word_1_26' title='bbox 182 992 321 1068; x_wconf 87' lang='lat' dir='ltr'>turpiter</span> <span class='ocrx_word' id='word_1_27' title='bbox 343 1002 393 1052; x_wconf 89' lang='lat' dir='ltr'>est</span> <span class='ocrx_word' id='word_1_28' title='bbox 417 992 596 1053; x_wconf 84' lang='lat' dir='ltr'>deformata</span> <span class='ocrx_word' id='word_1_29' title='bbox 624 1003 721 1070; x_wconf 89' lang='lat' dir='ltr'>atque</span> <span class='ocrx_word' id='word_1_30' title='bbox 749 995 837 1070; x_wconf 81' lang='lat' dir='ltr'>pal-s</span> 
     </span>
     <span class='ocr_line' id='line_1_7' title="bbox 58 1090 814 1152; baseline 0 -2"><span class='ocrx_word' id='word_1_31' title='bbox 58 1091 115 1150; x_wconf 93' lang='lat' dir='ltr'>mis</span> <span class='ocrx_word' id='word_1_32' title='bbox 138 1091 287 1151; x_wconf 86' lang='lat' dir='ltr'>extensis</span> <span class='ocrx_word' id='word_1_33' title='bbox 302 1091 449 1151; x_wconf 87' lang='lat' dir='ltr'>valenter</span> <span class='ocrx_word' id='word_1_34' title='bbox 470 1091 588 1152; x_wconf 90' lang='lat' dir='ltr'>ictibus</span> <span class='ocrx_word' id='word_1_35' title='bbox 604 1107 707 1150; x_wconf 84' lang='lat' dir='ltr'>caesa.</span> <span class='ocrx_word' id='word_1_36' title='bbox 744 1090 814 1150; x_wconf 90' lang='lat' dir='ltr'>Nec</span> 
     </span>
     <span class='ocr_line' id='line_1_8' title="bbox 58 1187 813 1265; baseline -0.003 -17"><span class='ocrx_word' id='word_1_37' title='bbox 58 1189 209 1264; x_wconf 91' lang='lat' dir='ltr'>dubium,</span> <span class='ocrx_word' id='word_1_38' title='bbox 230 1188 309 1265; x_wconf 92' lang='lat' dir='ltr'>quin</span> <span class='ocrx_word' id='word_1_39' title='bbox 333 1205 449 1248; x_wconf 90' lang='lat' dir='ltr'>recens</span> <span class='ocrx_word' id='word_1_40' title='bbox 472 1205 569 1248; x_wconf 92' lang='lat' dir='ltr'>cruor</span> <span class='ocrx_word' id='word_1_41' title='bbox 589 1187 716 1247; x_wconf 84' lang='lat' dir='ltr'>narium</span> <span class='ocrx_word' id='word_1_42' title='bbox 740 1205 813 1247; x_wconf 92' lang='lat' dir='ltr'>cum</span> 
     </span>
     <span class='ocr_line' id='line_1_9' title="bbox 59 1285 814 1348; baseline 0.001 -3"><span class='ocrx_word' id='word_1_43' title='bbox 59 1289 225 1348; x_wconf 92' lang='lat' dir='ltr'>oculorum</span> <span class='ocrx_word' id='word_1_44' title='bbox 248 1286 374 1346; x_wconf 88' lang='lat' dir='ltr'>threnis</span> <span class='ocrx_word' id='word_1_45' title='bbox 397 1285 439 1345; x_wconf 90' lang='lat' dir='ltr'>sit</span> <span class='ocrx_word' id='word_1_46' title='bbox 460 1285 657 1346; x_wconf 91' lang='lat' dir='ltr'>subsecutus</span> <span class='ocrx_word' id='word_1_47' title='bbox 677 1287 814 1346; x_wconf 86' lang='lat' dir='ltr'>abunde.</span> 
     </span>
     <span class='ocr_line' id='line_1_10' title="bbox 60 1384 814 1461; baseline -0.001 -16"><span class='ocrx_word' id='word_1_48' title='bbox 60 1384 188 1445; x_wconf 92' lang='lat' dir='ltr'>Collum</span> <span class='ocrx_word' id='word_1_49' title='bbox 211 1394 303 1444; x_wconf 92' lang='lat' dir='ltr'>tuum</span> <span class='ocrx_word' id='word_1_50' title='bbox 319 1384 457 1444; x_wconf 92' lang='lat' dir='ltr'>nitidum</span> <span class='ocrx_word' id='word_1_51' title='bbox 473 1384 591 1461; x_wconf 88' lang='lat' dir='ltr'>pugnis</span> <span class='ocrx_word' id='word_1_52' title='bbox 607 1385 814 1446; x_wconf 90' lang='lat' dir='ltr'>creberrimis</span> 
     </span>
     <span class='ocr_line' id='line_1_11' title="bbox 59 1480 850 1558; baseline -0.001 -18"><span class='ocrx_word' id='word_1_53' title='bbox 59 1481 376 1558; x_wconf 84' lang='lat' dir='ltr'>acolaphizantibus</span> <span class='ocrx_word' id='word_1_54' title='bbox 405 1480 522 1542; x_wconf 90' lang='lat' dir='ltr'>acriter</span> <span class='ocrx_word' id='word_1_55' title='bbox 551 1491 601 1541; x_wconf 93' lang='lat' dir='ltr'>est</span> <span class='ocrx_word' id='word_1_56' title='bbox 630 1481 850 1542; x_wconf 68' lang='lat' dir='ltr'>contriturum</span> 
     </span>
     <span class='ocr_line' id='line_1_12' title="bbox 60 1578 815 1654; baseline -0.001 -14"><span class='ocrx_word' id='word_1_57' title='bbox 60 1578 152 1640; x_wconf 92' lang='lat' dir='ltr'>Oculi</span> <span class='ocrx_word' id='word_1_58' title='bbox 175 1579 222 1640; x_wconf 93' lang='lat' dir='ltr'>tui</span> <span class='ocrx_word' id='word_1_59' title='bbox 246 1578 483 1654; x_wconf 89' lang='lat' dir='ltr'>limpidissimi,</span> <span class='ocrx_word' id='word_1_60' title='bbox 512 1578 566 1654; x_wconf 92' lang='lat' dir='ltr'>qui</span> <span class='ocrx_word' id='word_1_61' title='bbox 590 1595 689 1654; x_wconf 91' lang='lat' dir='ltr'>super</span> <span class='ocrx_word' id='word_1_62' title='bbox 710 1579 815 1639; x_wconf 91' lang='lat' dir='ltr'>iustos</span> 
     </span>
    </p>

    <p class='ocr_par' dir='ltr' id='par_1_3' title="bbox 12 1675 895 2432">
     <span class='ocr_line' id='line_1_13' title="bbox 12 1675 814 1753; baseline 0.001 -18"><span class='ocrx_word' id='word_1_63' title='bbox 12 1697 14 1708; x_wconf 70' lang='lat'>¹</span> <span class='ocrx_word' id='word_1_64' title='bbox 60 1694 188 1753; x_wconf 90' lang='lat' dir='ltr'>semper</span> <span class='ocrx_word' id='word_1_65' title='bbox 203 1685 335 1736; x_wconf 89' lang='lat' dir='ltr'>manent</span> <span class='ocrx_word' id='word_1_66' title='bbox 350 1675 463 1752; x_wconf 90' lang='lat' dir='ltr'>aperti,</span> <span class='ocrx_word' id='word_1_67' title='bbox 485 1693 575 1735; x_wconf 90' lang='lat' dir='ltr'>more</span> <span class='ocrx_word' id='word_1_68' title='bbox 597 1676 758 1736; x_wconf 85' lang='lat' dir='ltr'>fatuorum</span> <span class='ocrx_word' id='word_1_69' title='bbox 781 1677 814 1737; x_wconf 91' lang='lat' dir='ltr'>in</span> 
     </span>
     <span class='ocr_line' id='line_1_14' title="bbox 61 1773 816 1851; baseline 0.005 -20"><span class='ocrx_word' id='word_1_70' title='bbox 61 1773 201 1833; x_wconf 91' lang='lat' dir='ltr'>derisum</span> <span class='ocrx_word' id='word_1_71' title='bbox 225 1783 301 1833; x_wconf 93' lang='lat' dir='ltr'>sunt</span> <span class='ocrx_word' id='word_1_72' title='bbox 322 1773 430 1834; x_wconf 71' lang='lat' dir='ltr'>velati,</span> <span class='ocrx_word' id='word_1_73' title='bbox 469 1774 697 1835; x_wconf 87' lang='lat' dir='ltr'>Reverendum</span> <span class='ocrx_word' id='word_1_74' title='bbox 721 1785 816 1851; x_wconf 91' lang='lat' dir='ltr'>caput</span> 
     </span>
     <span class='ocr_line' id='line_1_15' title="bbox 61 1871 895 1948; baseline 0 -18"><span class='ocrx_word' id='word_1_75' title='bbox 61 1879 147 1931; x_wconf 90' lang='lat' dir='ltr'>tuum</span> <span class='ocrx_word' id='word_1_76' title='bbox 180 1871 333 1931; x_wconf 91' lang='lat' dir='ltr'>omnibus</span> <span class='ocrx_word' id='word_1_77' title='bbox 369 1871 527 1931; x_wconf 86' lang='lat' dir='ltr'>creaturis</span> <span class='ocrx_word' id='word_1_78' title='bbox 562 1873 740 1948; x_wconf 90' lang='lat' dir='ltr'>praelatum</span> <span class='ocrx_word' id='word_1_79' title='bbox 777 1872 815 1931; x_wconf 92' lang='lat' dir='ltr'>ab</span> <span class='ocrx_word' id='word_1_80' title='bbox 893 1884 895 1888; x_wconf 90' lang='grc'><strong><em>·</em></strong></span> 
     </span>
     <span class='ocr_line' id='line_1_16' title="bbox 12 1968 852 2052; baseline 0.002 -24"><span class='ocrx_word' id='word_1_81' title='bbox 12 2037 13 2052; x_wconf 18' lang='grc' dir='ltr'>ἢ</span> <span class='ocrx_word' id='word_1_82' title='bbox 62 1968 236 2045; x_wconf 90' lang='lat' dir='ltr'>inquinatis</span> <span class='ocrx_word' id='word_1_83' title='bbox 267 1979 474 2046; x_wconf 90' lang='lat' dir='ltr'>peccatorum</span> <span class='ocrx_word' id='word_1_84' title='bbox 506 1970 656 2031; x_wconf 88' lang='lat' dir='ltr'>manibus</span> <span class='ocrx_word' id='word_1_85' title='bbox 690 1969 816 2031; x_wconf 85' lang='lat' dir='ltr'>fortiter</span> <span class='ocrx_word' id='word_1_86' title='bbox 828 1989 852 2030; x_wconf 82' lang='lat' dir='ltr'>rs</span> 
     </span>
     <span class='ocr_line' id='line_1_17' title="bbox 63 2066 816 2145; baseline 0 -19"><span class='ocrx_word' id='word_1_87' title='bbox 63 2068 255 2142; x_wconf 89' lang='lat' dir='ltr'>percutitur,</span> <span class='ocrx_word' id='word_1_88' title='bbox 292 2077 388 2145; x_wconf 90' lang='lat' dir='ltr'>atque</span> <span class='ocrx_word' id='word_1_89' title='bbox 432 2085 505 2129; x_wconf 90' lang='lat' dir='ltr'>cum</span> <span class='ocrx_word' id='word_1_90' title='bbox 544 2066 722 2127; x_wconf 90' lang='lat' dir='ltr'>ludibrioso</span> <span class='ocrx_word' id='word_1_91' title='bbox 754 2067 816 2126; x_wconf 84' lang='lat' dir='ltr'>cla-</span> 
     </span>
     <span class='ocr_line' id='line_1_18' title="bbox 64 2164 817 2227; baseline 0 -3"><span class='ocrx_word' id='word_1_92' title='bbox 64 2182 149 2225; x_wconf 89' lang='lat' dir='ltr'>more</span> <span class='ocrx_word' id='word_1_93' title='bbox 184 2164 242 2225; x_wconf 89' lang='lat' dir='ltr'>tibi</span> <span class='ocrx_word' id='word_1_94' title='bbox 279 2165 453 2227; x_wconf 90' lang='lat' dir='ltr'>insultatur</span> <span class='ocrx_word' id='word_1_95' title='bbox 492 2176 523 2226; x_wconf 91' lang='lat' dir='ltr'>et</span> <span class='ocrx_word' id='word_1_96' title='bbox 561 2164 696 2225; x_wconf 90' lang='lat' dir='ltr'>dicitur:</span> <span class='ocrx_word' id='word_1_97' title='bbox 740 2165 817 2224; x_wconf 90' lang='lat' dir='ltr'>Pro-</span> 
     </span>
     <span class='ocr_line' id='line_1_19' title="bbox 64 2261 817 2338; baseline -0.001 -17"><span class='ocrx_word' id='word_1_98' title='bbox 64 2262 189 2336; x_wconf 89' lang='lat' dir='ltr'>phetiza</span> <span class='ocrx_word' id='word_1_99' title='bbox 210 2263 322 2338; x_wconf 90' lang='lat' dir='ltr'>nobis,</span> <span class='ocrx_word' id='word_1_100' title='bbox 346 2261 497 2337; x_wconf 89' lang='lat' dir='ltr'>Christe,</span> <span class='ocrx_word' id='word_1_101' title='bbox 523 2263 597 2338; x_wconf 92' lang='lat' dir='ltr'>quis</span> <span class='ocrx_word' id='word_1_102' title='bbox 619 2272 686 2337; x_wconf 91' lang='lat' dir='ltr'>est,</span> <span class='ocrx_word' id='word_1_103' title='bbox 708 2261 762 2337; x_wconf 91' lang='lat' dir='ltr'>qui</span> <span class='ocrx_word' id='word_1_104' title='bbox 785 2271 817 2321; x_wconf 93' lang='lat' dir='ltr'>te</span> 
     </span>
     <span class='ocr_line' id='line_1_20' title="bbox 64 2359 232 2432; baseline 0.012 -16"><span class='ocrx_word' id='word_1_105' title='bbox 64 2359 232 2432; x_wconf 88' lang='lat' dir='ltr'>percussit.</span> 
     </span>
    </p>

    <p class='ocr_par' dir='ltr' id='par_1_4' title="bbox 65 2455 855 3509">
     <span class='ocr_line' id='line_1_21' title="bbox 104 2455 853 2534; baseline -0.007 -18"><span class='ocrx_word' id='word_1_106' title='bbox 104 2456 186 2534; x_wconf 93' lang='lat' dir='ltr'>Quis</span> <span class='ocrx_word' id='word_1_107' title='bbox 202 2458 261 2517; x_wconf 92' lang='lat' dir='ltr'>has</span> <span class='ocrx_word' id='word_1_108' title='bbox 279 2456 476 2534; x_wconf 90' lang='lat' dir='ltr'>multiplices</span> <span class='ocrx_word' id='word_1_109' title='bbox 498 2467 570 2518; x_wconf 91' lang='lat' dir='ltr'>tuas</span> <span class='ocrx_word' id='word_1_110' title='bbox 590 2455 736 2531; x_wconf 87' lang='lat' dir='ltr'>iniurias,</span> <span class='ocrx_word' id='word_1_111' title='bbox 754 2456 853 2515; x_wconf 82' lang='lat' dir='ltr'>Do-ao</span> 
     </span>
     <span class='ocr_line' id='line_1_22' title="bbox 65 2552 817 2633; baseline 0.001 -21"><span class='ocrx_word' id='word_1_112' title='bbox 65 2552 165 2630; x_wconf 91' lang='lat' dir='ltr'>mine,</span> <span class='ocrx_word' id='word_1_113' title='bbox 187 2555 259 2614; x_wconf 96' lang='lat' dir='ltr'>sine</span> <span class='ocrx_word' id='word_1_114' title='bbox 281 2556 393 2632; x_wconf 89' lang='lat' dir='ltr'>grandi</span> <span class='ocrx_word' id='word_1_115' title='bbox 415 2556 538 2633; x_wconf 91' lang='lat' dir='ltr'>gemitu</span> <span class='ocrx_word' id='word_1_116' title='bbox 560 2566 592 2616; x_wconf 95' lang='lat' dir='ltr'>et</span> <span class='ocrx_word' id='word_1_117' title='bbox 614 2555 726 2615; x_wconf 93' lang='lat' dir='ltr'>dolore</span> <span class='ocrx_word' id='word_1_118' title='bbox 748 2571 817 2614; x_wconf 90' lang='lat' dir='ltr'>cor-</span> 
     </span>
     <span class='ocr_line' id='line_1_23' title="bbox 66 2650 818 2730; baseline 0.001 -21"><span class='ocrx_word' id='word_1_119' title='bbox 66 2650 113 2710; x_wconf 91' lang='lat' dir='ltr'>dis</span> <span class='ocrx_word' id='word_1_120' title='bbox 127 2662 233 2728; x_wconf 90' lang='lat' dir='ltr'>potest</span> <span class='ocrx_word' id='word_1_121' title='bbox 248 2653 387 2714; x_wconf 80' lang='lat' dir='ltr'>audire?</span> <span class='ocrx_word' id='word_1_122' title='bbox 412 2654 546 2714; x_wconf 86' lang='lat' dir='ltr'>Excedit</span> <span class='ocrx_word' id='word_1_123' title='bbox 561 2653 681 2730; x_wconf 92' lang='lat' dir='ltr'>quippe</span> <span class='ocrx_word' id='word_1_124' title='bbox 696 2650 818 2728; x_wconf 90' lang='lat' dir='ltr'>magni-</span> 
     </span>
     <span class='ocr_line' id='line_1_24' title="bbox 65 2748 816 2825; baseline 0.001 -19"><span class='ocrx_word' id='word_1_125' title='bbox 65 2750 139 2809; x_wconf 90' lang='lat' dir='ltr'>tudo</span> <span class='ocrx_word' id='word_1_126' title='bbox 160 2751 350 2810; x_wconf 84' lang='lat' dir='ltr'>tolerantiae</span> <span class='ocrx_word' id='word_1_127' title='bbox 372 2760 446 2811; x_wconf 84' lang='lat' dir='ltr'>tuae</span> <span class='ocrx_word' id='word_1_128' title='bbox 469 2752 647 2811; x_wconf 84' lang='lat' dir='ltr'>humanum</span> <span class='ocrx_word' id='word_1_129' title='bbox 674 2748 816 2825; x_wconf 87' lang='lat' dir='ltr'>patiendi</span> 
     </span>
     <span class='ocr_line' id='line_1_25' title="bbox 67 2848 818 2925; baseline 0.001 -20"><span class='ocrx_word' id='word_1_130' title='bbox 67 2848 210 2924; x_wconf 93' lang='lat' dir='ltr'>modum,</span> <span class='ocrx_word' id='word_1_131' title='bbox 233 2858 265 2908; x_wconf 89' lang='lat' dir='ltr'>et</span> <span class='ocrx_word' id='word_1_132' title='bbox 286 2848 474 2925; x_wconf 89' lang='lat' dir='ltr'>compungit</span> <span class='ocrx_word' id='word_1_133' title='bbox 496 2849 710 2908; x_wconf 90' lang='lat' dir='ltr'>vehementer</span> <span class='ocrx_word' id='word_1_134' title='bbox 732 2863 818 2907; x_wconf 91' lang='lat' dir='ltr'>ama-</span> 
     </span>
     <span class='ocr_line' id='line_1_26' title="bbox 66 2942 855 3022; baseline -0.001 -21"><span class='ocrx_word' id='word_1_135' title='bbox 66 2942 129 3004; x_wconf 91' lang='lat' dir='ltr'>tiva</span> <span class='ocrx_word' id='word_1_136' title='bbox 149 2946 245 3005; x_wconf 92' lang='lat' dir='ltr'>corda</span> <span class='ocrx_word' id='word_1_137' title='bbox 267 2945 394 3021; x_wconf 95' lang='lat' dir='ltr'>piorum</span> <span class='ocrx_word' id='word_1_138' title='bbox 416 2945 557 3022; x_wconf 84' lang='lat' dir='ltr'>gravitas</span> <span class='ocrx_word' id='word_1_139' title='bbox 578 2954 740 3006; x_wconf 92' lang='lat' dir='ltr'>tantorum</span> <span class='ocrx_word' id='word_1_140' title='bbox 763 2959 855 3020; x_wconf 82' lang='lat' dir='ltr'>op·25</span> 
     </span>
     <span class='ocr_line' id='line_1_27' title="bbox 68 3040 819 3114; baseline 0.001 -16"><span class='ocrx_word' id='word_1_141' title='bbox 68 3042 275 3114; x_wconf 90' lang='lat' dir='ltr'>probriorum.</span> <span class='ocrx_word' id='word_1_142' title='bbox 326 3043 442 3103; x_wconf 87' lang='lat' dir='ltr'>Factus</span> <span class='ocrx_word' id='word_1_143' title='bbox 471 3060 507 3103; x_wconf 90' lang='lat' dir='ltr'>es</span> <span class='ocrx_word' id='word_1_144' title='bbox 536 3043 663 3102; x_wconf 87' lang='lat' dir='ltr'>alienus</span> <span class='ocrx_word' id='word_1_145' title='bbox 694 3040 819 3114; x_wconf 78' lang='lat' dir='ltr'>amiciS,</span> 
     </span>
     <span class='ocr_line' id='line_1_28' title="bbox 68 3136 818 3217; baseline 0.001 -21"><span class='ocrx_word' id='word_1_146' title='bbox 68 3136 237 3201; x_wconf 90' lang='lat' dir='ltr'>derelictus</span> <span class='ocrx_word' id='word_1_147' title='bbox 259 3159 278 3200; x_wconf 85' lang='lat' dir='ltr'>a</span> <span class='ocrx_word' id='word_1_148' title='bbox 299 3141 400 3217; x_wconf 74' lang='lat' dir='ltr'>notiS,</span> <span class='ocrx_word' id='word_1_149' title='bbox 422 3141 632 3202; x_wconf 89' lang='lat' dir='ltr'>subsannatio</span> <span class='ocrx_word' id='word_1_150' title='bbox 655 3151 687 3200; x_wconf 89' lang='lat' dir='ltr'>et</span> <span class='ocrx_word' id='word_1_151' title='bbox 709 3139 818 3199; x_wconf 91' lang='lat' dir='ltr'>illusio</span> 
     </span>
     <span class='ocr_line' id='line_1_29' title="bbox 69 3235 826 3315; baseline -0.003 -20"><span class='ocrx_word' id='word_1_152' title='bbox 69 3235 136 3312; x_wconf 90' lang='lat' dir='ltr'>his,</span> <span class='ocrx_word' id='word_1_153' title='bbox 164 3238 218 3314; x_wconf 90' lang='lat' dir='ltr'>qui</span> <span class='ocrx_word' id='word_1_154' title='bbox 250 3240 389 3298; x_wconf 93' lang='lat' dir='ltr'>oderunt</span> <span class='ocrx_word' id='word_1_155' title='bbox 418 3249 450 3310; x_wconf 89' lang='lat' dir='ltr'>te</span> <span class='ocrx_word' id='word_1_156' title='bbox 481 3238 581 3315; x_wconf 85' lang='lat' dir='ltr'>gratis</span> <span class='ocrx_word' id='word_1_157' title='bbox 612 3248 643 3297; x_wconf 91' lang='lat' dir='ltr'>et</span> <span class='ocrx_word' id='word_1_158' title='bbox 672 3244 826 3298; x_wconf 85' lang='lat' dir='ltr'>annuunt</span> 
     </span>
     <span class='ocr_line' id='line_1_30' title="bbox 69 3333 819 3411; baseline 0.004 -22"><span class='ocrx_word' id='word_1_159' title='bbox 69 3333 176 3394; x_wconf 90' lang='lat' dir='ltr'>oculis.</span> <span class='ocrx_word' id='word_1_160' title='bbox 209 3336 283 3395; x_wconf 89' lang='lat' dir='ltr'>Heu</span> <span class='ocrx_word' id='word_1_161' title='bbox 301 3335 441 3396; x_wconf 86' lang='lat' dir='ltr'>Domine</span> <span class='ocrx_word' id='word_1_162' title='bbox 458 3336 558 3411; x_wconf 89' lang='lat' dir='ltr'>Deus,</span> <span class='ocrx_word' id='word_1_163' title='bbox 574 3335 695 3395; x_wconf 87' lang='lat' dir='ltr'>laetitia</span> <span class='ocrx_word' id='word_1_164' title='bbox 710 3333 819 3394; x_wconf 84' lang='lat' dir='ltr'>curiae</span> 
     </span>
     <span class='ocr_line' id='line_1_31' title="bbox 70 3431 855 3509; baseline 0.004 -23"><span class='ocrx_word' id='word_1_165' title='bbox 70 3431 230 3508; x_wconf 89' lang='lat' dir='ltr'>caelestis,</span> <span class='ocrx_word' id='word_1_166' title='bbox 260 3435 423 3509; x_wconf 91' lang='lat' dir='ltr'>quomodo</span> <span class='ocrx_word' id='word_1_167' title='bbox 454 3432 502 3492; x_wconf 90' lang='lat' dir='ltr'>sic</span> <span class='ocrx_word' id='word_1_168' title='bbox 531 3442 562 3492; x_wconf 93' lang='lat' dir='ltr'>te</span> <span class='ocrx_word' id='word_1_169' title='bbox 591 3431 712 3508; x_wconf 84' lang='lat' dir='ltr'>pateris</span> <span class='ocrx_word' id='word_1_170' title='bbox 740 3441 855 3491; x_wconf 84' lang='lat' dir='ltr'>tam-so</span> 
     </span>
    </p>
   </div>
   <div class='ocr_carea' id='block_1_3' title="bbox 71 3528 819 3677">
    <p class='ocr_par' dir='ltr' id='par_1_5' title="bbox 71 3528 819 3677">
     <span class='ocr_line' id='line_1_32' title="bbox 71 3528 819 3604; baseline 0.004 -20"><span class='ocrx_word' id='word_1_171' title='bbox 71 3542 160 3600; x_wconf 89' lang='lat' dir='ltr'>quam</span> <span class='ocrx_word' id='word_1_172' title='bbox 188 3529 417 3591; x_wconf 91' lang='lat' dir='ltr'>stultissimum</span> <span class='ocrx_word' id='word_1_173' title='bbox 448 3529 616 3590; x_wconf 92' lang='lat' dir='ltr'>hominum</span> <span class='ocrx_word' id='word_1_174' title='bbox 647 3529 685 3588; x_wconf 92' lang='lat' dir='ltr'>ab</span> <span class='ocrx_word' id='word_1_175' title='bbox 710 3528 819 3604; x_wconf 90' lang='lat' dir='ltr'>impiis</span> 
     </span>
     <span class='ocr_line' id='line_1_33' title="bbox 428 3635 455 3677; baseline -0.037 0"><span class='ocrx_word' id='word_1_176' title='bbox 428 3635 455 3677; x_wconf 84' lang='lat' dir='ltr'>ro</span> 
     </span>
    </p>
   </div>
   <div class='ocr_carea' id='block_1_4' title="bbox 0 0 1102 4174">
    <p class='ocr_par' dir='ltr' id='par_1_6' title="bbox 0 0 1102 4174">
     <span class='ocr_line' id='line_1_34' title="bbox 0 0 1102 4174; baseline 0 0"><span class='ocrx_word' id='word_1_177' title='bbox 0 0 1102 4174; x_wconf 95' lang='lat' dir='ltr'> </span> 
     </span>
    </p>
   </div>
  </div>
 </body>
</html>
