<?xml version="1.0" encoding="UTF-8"?>
<!DOCTYPE html PUBLIC "-//W3C//DTD XHTML 1.0 Transitional//EN"
    "http://www.w3.org/TR/xhtml1/DTD/xhtml1-transitional.dtd">
<html xmlns="http://www.w3.org/1999/xhtml" xml:lang="en" lang="en">
 <head>
  <title>
</title>
<meta http-equiv="Content-Type" content="text/html;charset=utf-8" />
  <meta name='ocr-system' content='tesseract 3.04.00' />
  <meta name='ocr-capabilities' content='ocr_page ocr_carea ocr_par ocr_line ocrx_word'/>
</head>
<body>
  <div class='ocr_page' id='page_1' title='image "./thomaehemerkena02pohlgoog_0470.png"; bbox 0 0 2144 4168; ppageno 0'>
   <div class='ocr_carea' id='block_1_1' title="bbox 373 561 593 603">
    <p class='ocr_par' dir='ltr' id='par_1_1' title="bbox 373 561 593 603">
     <span class='ocr_line' id='line_1_1' title="bbox 373 561 593 603; baseline -0.009 0"><span class='ocrx_word' id='word_1_1' title='bbox 373 561 491 603; x_wconf 76' lang='lat' dir='ltr'><em>Adnotstto</em></span> <span class='ocrx_word' id='word_1_2' title='bbox 510 561 593 602; x_wconf 73' lang='lat' dir='ltr'><em>critica.</em></span> 
     </span>
    </p>
   </div>
   <div class='ocr_carea' id='block_1_2' title="bbox 104 708 861 1012">
    <p class='ocr_par' dir='ltr' id='par_1_2' title="bbox 104 708 861 1012">
     <span class='ocr_line' id='line_1_2' title="bbox 105 708 860 788; baseline -0.005 -17"><span class='ocrx_word' id='word_1_3' title='bbox 105 727 205 787; x_wconf 86' lang='lat' dir='ltr'><em>supra</em></span> <span class='ocrx_word' id='word_1_4' title='bbox 225 713 286 771; x_wconf 87' lang='grc'><em>385</em></span> <span class='ocrx_word' id='word_1_5' title='bbox 307 727 372 788; x_wconf 90' lang='lat' dir='ltr'><em>sq.‚</em></span> <span class='ocrx_word' id='word_1_6' title='bbox 401 727 464 770; x_wconf 90' lang='lat' dir='ltr'><em>om.</em></span> <span class='ocrx_word' id='word_1_7' title='bbox 487 709 544 770; x_wconf 85' lang='lat' dir='ltr'><em>rel.</em></span> <span class='ocrx_word' id='word_1_8' title='bbox 585 724 598 767; x_wconf 82' lang='lat'>⁷</span> <span class='ocrx_word' id='word_1_9' title='bbox 619 708 783 784; x_wconf 79' lang='lat' dir='ltr'><em>Incipiunt</em></span> <span class='ocrx_word' id='word_1_10' title='bbox 802 709 860 768; x_wconf 89' lang='lat' dir='ltr'><em>De·</em></span> 
     </span>
     <span class='ocr_line' id='line_1_3' title="bbox 104 789 861 852; baseline -0.004 -1"><span class='ocrx_word' id='word_1_11' title='bbox 104 795 201 851; x_wconf 86' lang='lat' dir='ltr'><em>votae</em></span> <span class='ocrx_word' id='word_1_12' title='bbox 223 789 392 852; x_wconf 80' lang='lat' dir='ltr'><strong><em>Orationes</em></strong></span> <span class='ocrx_word' id='word_1_13' title='bbox 413 791 453 852; x_wconf 82' lang='lat' dir='ltr'><em>eie</em></span> <span class='ocrx_word' id='word_1_14' title='bbox 473 789 713 850; x_wconf 87' lang='lat' dir='ltr'><em>Resurrectione</em></span> <span class='ocrx_word' id='word_1_15' title='bbox 730 789 861 848; x_wconf 81' lang='lat' dir='ltr'><em>Domini</em></span> 
     </span>
     <span class='ocr_line' id='line_1_4' title="bbox 105 869 861 946; baseline -0.003 -15"><span class='ocrx_word' id='word_1_16' title='bbox 105 871 208 931; x_wconf 85' lang='lat' dir='ltr'><em>nostn‘</em></span> <span class='ocrx_word' id='word_1_17' title='bbox 228 870 299 930; x_wconf 92' lang='lat' dir='ltr'><em>Iesu</em></span> <span class='ocrx_word' id='word_1_18' title='bbox 322 870 441 932; x_wconf 79' lang='lat' dir='ltr'><em>Christi</em></span> <span class='ocrx_word' id='word_1_19' title='bbox 461 871 517 938; x_wconf 72' lang='grc'>*2.</span> <span class='ocrx_word' id='word_1_20' title='bbox 555 887 568 928; x_wconf 84' lang='lat' dir='ltr'><em>s</em></span> <span class='ocrx_word' id='word_1_21' title='bbox 589 875 622 931; x_wconf 93' lang='lat' dir='ltr'><em>et</em></span> <span class='ocrx_word' id='word_1_22' title='bbox 640 869 739 929; x_wconf 88' lang='lat' dir='ltr'><em>variis</em></span> <span class='ocrx_word' id='word_1_23' title='bbox 760 885 861 946; x_wconf 81' lang='lat' dir='ltr'><em>appa·</em></span> 
     </span>
     <span class='ocr_line' id='line_1_5' title="bbox 106 950 517 1012; baseline -0.002 -1"><span class='ocrx_word' id='word_1_24' title='bbox 106 950 277 1012; x_wconf 76' lang='lat' dir='ltr'><em>titionibus</em></span> <span class='ocrx_word' id='word_1_25' title='bbox 298 951 438 1012; x_wconf 84' lang='lat' dir='ltr'><em>eiusdem</em></span> <span class='ocrx_word' id='word_1_26' title='bbox 460 951 517 1010; x_wconf 79' lang='grc'>*2.</span> 
     </span>
    </p>
   </div>
   <div class='ocr_carea' id='block_1_3' title="bbox 104 1098 861 2044">
    <p class='ocr_par' dir='ltr' id='par_1_3' title="bbox 104 1098 861 2044">
     <span class='ocr_line' id='line_1_6' title="bbox 168 1098 861 1178; baseline -0.004 -17"><span class='ocrx_word' id='word_1_27' title='bbox 168 1099 262 1178; x_wconf 88' lang='lat' dir='ltr'><strong>[Cap.</strong></span> <span class='ocrx_word' id='word_1_28' title='bbox 279 1101 314 1178; x_wconf 91' lang='grc'><em>1.]</em></span> <span class='ocrx_word' id='word_1_29' title='bbox 343 1103 413 1176; x_wconf 89' lang='grc'>217,</span> <span class='ocrx_word' id='word_1_30' title='bbox 436 1115 460 1158; x_wconf 82' lang='lat'><em>1⁷</em></span> <span class='ocrx_word' id='word_1_31' title='bbox 483 1114 645 1174; x_wconf 80' lang='lat' dir='ltr'><em>resurgens</em></span> <span class='ocrx_word' id='word_1_32' title='bbox 665 1098 722 1158; x_wconf 80' lang='grc'>*2.</span> <span class='ocrx_word' id='word_1_33' title='bbox 750 1102 820 1175; x_wconf 89' lang='lat'><strong>218,</strong></span> <span class='ocrx_word' id='word_1_34' title='bbox 836 1115 861 1158; x_wconf 81' lang='grc'><em>2</em></span> 
     </span>
     <span class='ocr_line' id='line_1_7' title="bbox 106 1180 857 1250; baseline -0.003 -10"><span class='ocrx_word' id='word_1_35' title='bbox 106 1181 187 1240; x_wconf 81' lang='lat' dir='ltr'><em>nora</em></span> <span class='ocrx_word' id='word_1_36' title='bbox 201 1180 258 1240; x_wconf 81' lang='grc'>*2.</span> <span class='ocrx_word' id='word_1_37' title='bbox 285 1198 313 1240; x_wconf 74' lang='lat' dir='ltr'><em>es</em></span> <span class='ocrx_word' id='word_1_38' title='bbox 327 1180 559 1242; x_wconf 80' lang='lat' dir='ltr'><em>inaestimabili</em></span> <span class='ocrx_word' id='word_1_39' title='bbox 574 1183 595 1250; x_wconf 76' lang='grc' dir='ltr'><em>Ε,</em></span> <span class='ocrx_word' id='word_1_40' title='bbox 614 1180 857 1240; x_wconf 85' lang='lat' dir='ltr'><em>ouememender</em></span> 
     </span>
     <span class='ocr_line' id='line_1_8' title="bbox 104 1260 860 1335; baseline 0 -15"><span class='ocrx_word' id='word_1_41' title='bbox 104 1260 160 1331; x_wconf 80' lang='lat' dir='ltr'><em>*q,</em></span> <span class='ocrx_word' id='word_1_42' title='bbox 182 1261 447 1322; x_wconf 79' lang='lat' dir='ltr'><em>anemenster*r.</em></span> <span class='ocrx_word' id='word_1_43' title='bbox 475 1263 544 1335; x_wconf 88' lang='grc'>219,</span> <span class='ocrx_word' id='word_1_44' title='bbox 565 1277 589 1318; x_wconf 88' lang='lat'><em>21</em></span> <span class='ocrx_word' id='word_1_45' title='bbox 613 1265 714 1320; x_wconf 91' lang='lat' dir='ltr'><em>terrae</em></span> <span class='ocrx_word' id='word_1_46' title='bbox 736 1263 860 1320; x_wconf 88' lang='lat' dir='ltr'><em>motus¹</em></span> 
     </span>
     <span class='ocr_line' id='line_1_9' title="bbox 108 1339 859 1417; baseline -0.004 -16"><span class='ocrx_word' id='word_1_47' title='bbox 108 1343 150 1411; x_wconf 88' lang='lat' dir='ltr'><em>P,</em></span> <span class='ocrx_word' id='word_1_48' title='bbox 172 1357 235 1403; x_wconf 90' lang='lat' dir='ltr'><em>om.</em></span> <span class='ocrx_word' id='word_1_49' title='bbox 256 1365 284 1401; x_wconf 80' lang='grc' dir='ltr'><em>π.</em></span> <span class='ocrx_word' id='word_1_50' title='bbox 312 1358 339 1399; x_wconf 87' lang='grc'><em>22</em></span> <span class='ocrx_word' id='word_1_51' title='bbox 361 1342 458 1402; x_wconf 88' lang='lat' dir='ltr'><em>timor</em></span> <span class='ocrx_word' id='word_1_52' title='bbox 475 1339 663 1417; x_wconf 77' lang='lat' dir='ltr'><em>(pauor*o)</em></span> <span class='ocrx_word' id='word_1_53' title='bbox 685 1356 821 1416; x_wconf 86' lang='lat' dir='ltr'><em>magnus</em></span> <span class='ocrx_word' id='word_1_54' title='bbox 835 1363 859 1411; x_wconf 86' lang='grc' dir='ltr'><em>ε,</em></span> 
     </span>
     <span class='ocr_line' id='line_1_10' title="bbox 104 1419 860 1498; baseline -0.003 -18"><span class='ocrx_word' id='word_1_55' title='bbox 104 1437 176 1480; x_wconf 89' lang='lat' dir='ltr'><em>seer</em></span> <span class='ocrx_word' id='word_1_56' title='bbox 194 1421 347 1498; x_wconf 56' lang='lat' dir='ltr'><em>(restite)</em></span> <span class='ocrx_word' id='word_1_57' title='bbox 367 1425 457 1497; x_wconf 89' lang='lat' dir='ltr'><em>groet</em></span> <span class='ocrx_word' id='word_1_58' title='bbox 475 1425 556 1481; x_wconf 85' lang='lat' dir='ltr'><em>anxi</em></span> <span class='ocrx_word' id='word_1_59' title='bbox 568 1419 608 1491; x_wconf 83' lang='grc' dir='ltr'><em>Σ;</em></span> <span class='ocrx_word' id='word_1_60' title='bbox 629 1425 662 1481; x_wconf 87' lang='lat' dir='ltr'><em>et</em></span> <span class='ocrx_word' id='word_1_61' title='bbox 677 1424 716 1492; x_wconf 88' lang='lat' dir='ltr'><em>P,</em></span> <span class='ocrx_word' id='word_1_62' title='bbox 739 1438 802 1481; x_wconf 89' lang='lat' dir='ltr'><em>om.</em></span> <span class='ocrx_word' id='word_1_63' title='bbox 822 1435 860 1491; x_wconf 79' lang='grc' dir='ltr'><em>π;</em></span> 
     </span>
     <span class='ocr_line' id='line_1_11' title="bbox 106 1501 860 1580; baseline -0.003 -20"><span class='ocrx_word' id='word_1_64' title='bbox 106 1501 253 1561; x_wconf 87' lang='lat' dir='ltr'><em>incussus</em></span> <span class='ocrx_word' id='word_1_65' title='bbox 275 1518 338 1562; x_wconf 90' lang='lat' dir='ltr'><em>om.</em></span> <span class='ocrx_word' id='word_1_66' title='bbox 361 1506 391 1580; x_wconf 84' lang='grc' dir='ltr'><em>ψ.</em></span> <span class='ocrx_word' id='word_1_67' title='bbox 425 1519 453 1560; x_wconf 80' lang='lat' dir='ltr'><em>so</em></span> <span class='ocrx_word' id='word_1_68' title='bbox 472 1501 593 1561; x_wconf 87' lang='lat' dir='ltr'><em>sanetis</em></span> <span class='ocrx_word' id='word_1_69' title='bbox 614 1518 678 1562; x_wconf 88' lang='lat' dir='ltr'><em>om.</em></span> <span class='ocrx_word' id='word_1_70' title='bbox 700 1501 730 1560; x_wconf 81' lang='grc' dir='ltr'><em>Σ.</em></span> <span class='ocrx_word' id='word_1_71' title='bbox 758 1503 828 1577; x_wconf 85' lang='grc'>220,</span> <span class='ocrx_word' id='word_1_72' title='bbox 846 1517 860 1558; x_wconf 82' lang='lat' dir='ltr'><em>s</em></span> 
     </span>
     <span class='ocr_line' id='line_1_12' title="bbox 106 1581 859 1660; baseline 0.003 -20"><span class='ocrx_word' id='word_1_73' title='bbox 106 1583 311 1642; x_wconf 79' lang='lat' dir='ltr'><em>resurrexisse</em></span> <span class='ocrx_word' id='word_1_74' title='bbox 332 1581 353 1649; x_wconf 74' lang='lat' dir='ltr'><em>t.</em></span> <span class='ocrx_word' id='word_1_75' title='bbox 381 1585 451 1657; x_wconf 86' lang='lat'>222,</span> <span class='ocrx_word' id='word_1_76' title='bbox 471 1597 498 1638; x_wconf 85' lang='lat'><em>27</em></span> <span class='ocrx_word' id='word_1_77' title='bbox 519 1581 710 1642; x_wconf 82' lang='lat' dir='ltr'><em>aeternitate</em></span> <span class='ocrx_word' id='word_1_78' title='bbox 731 1586 761 1660; x_wconf 84' lang='grc' dir='ltr'><em>ψ.</em></span> <span class='ocrx_word' id='word_1_79' title='bbox 789 1584 859 1657; x_wconf 87' lang='grc'>223,</span> 
     </span>
     <span class='ocr_line' id='line_1_13' title="bbox 107 1660 858 1739; baseline 0.001 -19"><span class='ocrx_word' id='word_1_80' title='bbox 107 1661 238 1722; x_wconf 73' lang='lat' dir='ltr'><em>isidem</em></span> <span class='ocrx_word' id='word_1_81' title='bbox 265 1662 336 1738; x_wconf 88' lang='lat' dir='ltr'><em>(pro</em></span> <span class='ocrx_word' id='word_1_82' title='bbox 367 1661 509 1738; x_wconf 80' lang='lat' dir='ltr'><em>quidem)</em></span> <span class='ocrx_word' id='word_1_83' title='bbox 540 1665 569 1739; x_wconf 83' lang='grc' dir='ltr'><em>ψ.</em></span> <span class='ocrx_word' id='word_1_84' title='bbox 622 1677 646 1720; x_wconf 89' lang='lat'><em>17</em></span> <span class='ocrx_word' id='word_1_85' title='bbox 672 1661 809 1721; x_wconf 88' lang='lat' dir='ltr'><em>surrexit</em></span> <span class='ocrx_word' id='word_1_86' title='bbox 837 1660 858 1728; x_wconf 74' lang='grc' dir='ltr'><em>Ε.</em></span> 
     </span>
     <span class='ocr_line' id='line_1_14' title="bbox 104 1741 858 1818; baseline 0.003 -19"><span class='ocrx_word' id='word_1_87' title='bbox 104 1758 134 1799; x_wconf 73' lang='grc'>23</span> <span class='ocrx_word' id='word_1_88' title='bbox 158 1741 234 1802; x_wconf 81' lang='lat' dir='ltr'><em>Vide</em></span> <span class='ocrx_word' id='word_1_89' title='bbox 254 1742 312 1802; x_wconf 82' lang='grc'>*2.</span> <span class='ocrx_word' id='word_1_90' title='bbox 353 1746 423 1818; x_wconf 88' lang='grc'>224,</span> <span class='ocrx_word' id='word_1_91' title='bbox 443 1742 544 1801; x_wconf 79' lang='lat' dir='ltr'><em>ssine</em></span> <span class='ocrx_word' id='word_1_92' title='bbox 558 1742 629 1816; x_wconf 85' lang='lat' dir='ltr'><em>fine</em></span> <span class='ocrx_word' id='word_1_93' title='bbox 649 1759 712 1802; x_wconf 89' lang='lat' dir='ltr'><em>om.</em></span> <span class='ocrx_word' id='word_1_94' title='bbox 729 1742 749 1809; x_wconf 76' lang='grc' dir='ltr'><em>ξ.</em></span> <span class='ocrx_word' id='word_1_95' title='bbox 777 1741 858 1801; x_wconf 81' lang='lat' dir='ltr'><em>riu-</em></span> 
     </span>
     <span class='ocr_line' id='line_1_15' title="bbox 106 1821 859 1898; baseline 0.001 -17"><span class='ocrx_word' id='word_1_96' title='bbox 106 1821 193 1882; x_wconf 84' lang='lat' dir='ltr'><em>dioes</em></span> <span class='ocrx_word' id='word_1_97' title='bbox 214 1821 269 1889; x_wconf 77' lang='grc' dir='ltr'><em>ξΣ.</em></span> <span class='ocrx_word' id='word_1_98' title='bbox 297 1839 325 1880; x_wconf 77' lang='grc'><em>22</em></span> <span class='ocrx_word' id='word_1_99' title='bbox 345 1827 378 1883; x_wconf 88' lang='lat' dir='ltr'><em>et</em></span> <span class='ocrx_word' id='word_1_100' title='bbox 397 1822 417 1889; x_wconf 74' lang='grc' dir='ltr'><em>Ε.</em></span> <span class='ocrx_word' id='word_1_101' title='bbox 449 1838 476 1879; x_wconf 85' lang='lat'><em>27</em></span> <span class='ocrx_word' id='word_1_102' title='bbox 498 1838 587 1882; x_wconf 88' lang='lat' dir='ltr'><em>meae</em></span> <span class='ocrx_word' id='word_1_103' title='bbox 607 1822 678 1898; x_wconf 83' lang='lat' dir='ltr'><em>(pro</em></span> <span class='ocrx_word' id='word_1_104' title='bbox 700 1823 789 1898; x_wconf 87' lang='lat' dir='ltr'><em>tuae)</em></span> <span class='ocrx_word' id='word_1_105' title='bbox 802 1821 859 1882; x_wconf 79' lang='grc'>*2.</span> 
     </span>
     <span class='ocr_line' id='line_1_16' title="bbox 105 1902 861 1979; baseline 0.005 -20"><span class='ocrx_word' id='word_1_106' title='bbox 105 1918 134 1959; x_wconf 75' lang='lat' dir='ltr'><em>us</em></span> <span class='ocrx_word' id='word_1_107' title='bbox 161 1907 238 1962; x_wconf 89' lang='lat' dir='ltr'><em>tuae</em></span> <span class='ocrx_word' id='word_1_108' title='bbox 269 1902 404 1978; x_wconf 84' lang='lat' dir='ltr'><em>Virginis</em></span> <span class='ocrx_word' id='word_1_109' title='bbox 430 1902 557 1963; x_wconf 89' lang='lat' dir='ltr'><em>Man&#39;ae</em></span> <span class='ocrx_word' id='word_1_110' title='bbox 585 1905 614 1979; x_wconf 83' lang='grc' dir='ltr'><em>ψ.</em></span> <span class='ocrx_word' id='word_1_111' title='bbox 661 1906 738 1979; x_wconf 92' lang='grc'>225,</span> <span class='ocrx_word' id='word_1_112' title='bbox 762 1919 777 1960; x_wconf 83' lang='lat' dir='ltr'><em>s</em></span> <span class='ocrx_word' id='word_1_113' title='bbox 797 1919 861 1979; x_wconf 85' lang='lat' dir='ltr'><em>que</em></span> 
     </span>
     <span class='ocr_line' id='line_1_17' title="bbox 108 1981 602 2044; baseline -0.002 -2"><span class='ocrx_word' id='word_1_114' title='bbox 108 1998 172 2042; x_wconf 90' lang='lat' dir='ltr'><em>om.</em></span> <span class='ocrx_word' id='word_1_115' title='bbox 193 1981 250 2043; x_wconf 86' lang='grc'>*2.</span> <span class='ocrx_word' id='word_1_116' title='bbox 291 1983 441 2043; x_wconf 75' lang='lat' dir='ltr'><em>rmuiti²</em></span> <span class='ocrx_word' id='word_1_117' title='bbox 462 2000 525 2044; x_wconf 90' lang='lat' dir='ltr'><em>om.</em></span> <span class='ocrx_word' id='word_1_118' title='bbox 547 1982 602 2041; x_wconf 78' lang='grc'>*2.</span> 
     </span>
    </p>
   </div>
   <div class='ocr_carea' id='block_1_4' title="bbox 89 2130 859 2681">
    <p class='ocr_par' dir='ltr' id='par_1_4' title="bbox 89 2130 859 2681">
     <span class='ocr_line' id='line_1_18' title="bbox 169 2130 859 2210; baseline 0.001 -18"><span class='ocrx_word' id='word_1_119' title='bbox 169 2130 263 2209; x_wconf 85' lang='lat' dir='ltr'><strong>[Cap.</strong></span> <span class='ocrx_word' id='word_1_120' title='bbox 286 2133 338 2210; x_wconf 90' lang='grc' dir='ltr'>ΙΙ.]</span> <span class='ocrx_word' id='word_1_121' title='bbox 370 2150 395 2192; x_wconf 84' lang='lat'><em>19</em></span> <span class='ocrx_word' id='word_1_122' title='bbox 413 2133 520 2194; x_wconf 84' lang='lat' dir='ltr'><em>sancti</em></span> <span class='ocrx_word' id='word_1_123' title='bbox 540 2151 603 2194; x_wconf 90' lang='lat' dir='ltr'><em>om.</em></span> <span class='ocrx_word' id='word_1_124' title='bbox 622 2136 651 2210; x_wconf 83' lang='grc' dir='ltr'><em>ψ.</em></span> <span class='ocrx_word' id='word_1_125' title='bbox 678 2147 705 2190; x_wconf 83' lang='lat'><em>27</em></span> <span class='ocrx_word' id='word_1_126' title='bbox 725 2133 859 2193; x_wconf 86' lang='lat' dir='ltr'><em>sanetis·</em></span> 
     </span>
     <span class='ocr_line' id='line_1_19' title="bbox 105 2210 859 2289; baseline 0.005 -19"><span class='ocrx_word' id='word_1_127' title='bbox 105 2210 190 2271; x_wconf 88' lang='lat' dir='ltr'><em>sima</em></span> <span class='ocrx_word' id='word_1_128' title='bbox 211 2211 232 2279; x_wconf 74' lang='lat' dir='ltr'><em>t.</em></span> <span class='ocrx_word' id='word_1_129' title='bbox 279 2216 357 2289; x_wconf 90' lang='grc'>227,</span> <span class='ocrx_word' id='word_1_130' title='bbox 377 2230 391 2272; x_wconf 83' lang='lat' dir='ltr'><em>s</em></span> <span class='ocrx_word' id='word_1_131' title='bbox 411 2213 480 2274; x_wconf 93' lang='lat' dir='ltr'><em>eius</em></span> <span class='ocrx_word' id='word_1_132' title='bbox 508 2230 571 2274; x_wconf 89' lang='lat' dir='ltr'><em>om.</em></span> <span class='ocrx_word' id='word_1_133' title='bbox 593 2213 614 2280; x_wconf 75' lang='lat' dir='ltr'><em>i.</em></span> <span class='ocrx_word' id='word_1_134' title='bbox 660 2229 686 2270; x_wconf 71' lang='grc' dir='ltr'><em>ει</em></span> <span class='ocrx_word' id='word_1_135' title='bbox 711 2213 859 2289; x_wconf 80' lang='lat' dir='ltr'><em>precibus</em></span> 
     </span>
     <span class='ocr_line' id='line_1_20' title="bbox 102 2291 858 2372; baseline 0.004 -22"><span class='ocrx_word' id='word_1_136' title='bbox 102 2291 175 2368; x_wconf 90' lang='lat' dir='ltr'><em>(pro</em></span> <span class='ocrx_word' id='word_1_137' title='bbox 186 2293 330 2369; x_wconf 82' lang='lat' dir='ltr'><em>fletibus)</em></span> <span class='ocrx_word' id='word_1_138' title='bbox 346 2298 375 2372; x_wconf 88' lang='grc' dir='ltr'><em>ψ.</em></span> <span class='ocrx_word' id='word_1_139' title='bbox 403 2297 473 2369; x_wconf 88' lang='grc'>229,</span> <span class='ocrx_word' id='word_1_140' title='bbox 495 2310 521 2352; x_wconf 80' lang='lat'><em>1⁴</em></span> <span class='ocrx_word' id='word_1_141' title='bbox 533 2293 604 2354; x_wconf 88' lang='lat' dir='ltr'><em>Iesu</em></span> <span class='ocrx_word' id='word_1_142' title='bbox 619 2310 682 2354; x_wconf 91' lang='lat' dir='ltr'><em>om.</em></span> <span class='ocrx_word' id='word_1_143' title='bbox 699 2317 723 2371; x_wconf 75' lang='grc' dir='ltr'><em>ρ.</em></span> <span class='ocrx_word' id='word_1_144' title='bbox 752 2309 778 2351; x_wconf 84' lang='lat'><em>16</em></span> <span class='ocrx_word' id='word_1_145' title='bbox 790 2310 858 2353; x_wconf 93' lang='lat' dir='ltr'><em>sur·</em></span> 
     </span>
     <span class='ocr_line' id='line_1_21' title="bbox 89 2372 857 2450; baseline 0.007 -20"><span class='ocrx_word' id='word_1_146' title='bbox 89 2372 238 2432; x_wconf 83' lang='lat' dir='ltr'><em>rexisse⁸</em></span> <span class='ocrx_word' id='word_1_147' title='bbox 260 2373 280 2440; x_wconf 75' lang='grc' dir='ltr'><em>ξ.</em></span> <span class='ocrx_word' id='word_1_148' title='bbox 310 2376 381 2450; x_wconf 89' lang='grc'>230,</span> <span class='ocrx_word' id='word_1_149' title='bbox 402 2390 430 2431; x_wconf 78' lang='grc'><em>2</em></span> <span class='ocrx_word' id='word_1_150' title='bbox 445 2374 680 2450; x_wconf 80' lang='lat' dir='ltr'><em>fragrantiores</em></span> <span class='ocrx_word' id='word_1_151' title='bbox 702 2373 722 2440; x_wconf 75' lang='grc' dir='ltr'><em>ξ.</em></span> <span class='ocrx_word' id='word_1_152' title='bbox 750 2389 777 2431; x_wconf 78' lang='lat' dir='ltr'><em>es</em></span> <span class='ocrx_word' id='word_1_153' title='bbox 799 2378 857 2434; x_wconf 91' lang='lat' dir='ltr'><em>ter-</em></span> 
     </span>
     <span class='ocr_line' id='line_1_22' title="bbox 99 2451 858 2534; baseline 0.004 -22"><span class='ocrx_word' id='word_1_154' title='bbox 99 2451 233 2512; x_wconf 82' lang='lat' dir='ltr'><em>rendum</em></span> <span class='ocrx_word' id='word_1_155' title='bbox 256 2453 276 2520; x_wconf 81' lang='grc' dir='ltr'><em>ξ.</em></span> <span class='ocrx_word' id='word_1_156' title='bbox 317 2469 474 2514; x_wconf 72' lang='lat' dir='ltr'><em>assecuto</em></span> <span class='ocrx_word' id='word_1_157' title='bbox 495 2471 559 2515; x_wconf 88' lang='lat' dir='ltr'><em>om.</em></span> <span class='ocrx_word' id='word_1_158' title='bbox 580 2477 608 2534; x_wconf 84' lang='grc' dir='ltr'><em>χ.</em></span> <span class='ocrx_word' id='word_1_159' title='bbox 650 2456 727 2530; x_wconf 92' lang='grc'>231,</span> <span class='ocrx_word' id='word_1_160' title='bbox 750 2471 765 2512; x_wconf 86' lang='lat' dir='ltr'><em>s</em></span> <span class='ocrx_word' id='word_1_161' title='bbox 785 2471 858 2515; x_wconf 87' lang='lat' dir='ltr'><em>eon·</em></span> 
     </span>
     <span class='ocr_line' id='line_1_23' title="bbox 94 2533 858 2613; baseline 0 -19"><span class='ocrx_word' id='word_1_162' title='bbox 94 2533 287 2609; x_wconf 81' lang='lat' dir='ltr'><em>sartandum</em></span> <span class='ocrx_word' id='word_1_163' title='bbox 319 2533 339 2601; x_wconf 81' lang='grc' dir='ltr'><em>Ε.</em></span> <span class='ocrx_word' id='word_1_164' title='bbox 397 2535 473 2594; x_wconf 82' lang='lat' dir='ltr'><em>ode</em></span> <span class='ocrx_word' id='word_1_165' title='bbox 503 2534 694 2611; x_wconf 82' lang='lat' dir='ltr'><em>(posterius)</em></span> <span class='ocrx_word' id='word_1_166' title='bbox 732 2552 795 2595; x_wconf 90' lang='lat' dir='ltr'><em>om.</em></span> <span class='ocrx_word' id='word_1_167' title='bbox 828 2539 858 2613; x_wconf 77' lang='grc' dir='ltr'><em>ψ.</em></span> 
     </span>
     <span class='ocr_line' id='line_1_24' title="bbox 98 2613 487 2681; baseline 0.013 -11"><span class='ocrx_word' id='word_1_168' title='bbox 98 2629 244 2673; x_wconf 88' lang='lat' dir='ltr'><em>seorum</em></span> <span class='ocrx_word' id='word_1_169' title='bbox 265 2614 323 2673; x_wconf 80' lang='grc'>*2.</span> <span class='ocrx_word' id='word_1_170' title='bbox 364 2630 393 2672; x_wconf 86' lang='grc'><em>22</em></span> <span class='ocrx_word' id='word_1_171' title='bbox 414 2618 446 2674; x_wconf 98' lang='lat' dir='ltr'><em>et</em></span> <span class='ocrx_word' id='word_1_172' title='bbox 466 2613 487 2681; x_wconf 78' lang='grc' dir='ltr'><em>ξ.</em></span> 
     </span>
    </p>
   </div>
   <div class='ocr_carea' id='block_1_5' title="bbox 96 2753 857 3010">
    <p class='ocr_par' dir='ltr' id='par_1_5' title="bbox 96 2753 857 3010">
     <span class='ocr_line' id='line_1_25' title="bbox 163 2753 857 2831; baseline -0.001 -17"><span class='ocrx_word' id='word_1_173' title='bbox 163 2753 257 2831; x_wconf 86' lang='lat' dir='ltr'><strong>[Cap.</strong></span> <span class='ocrx_word' id='word_1_174' title='bbox 280 2754 348 2831; x_wconf 90' lang='lat' dir='ltr'><strong>lll.]</strong></span> <span class='ocrx_word' id='word_1_175' title='bbox 391 2758 462 2830; x_wconf 86' lang='grc'>235,</span> <span class='ocrx_word' id='word_1_176' title='bbox 481 2771 509 2813; x_wconf 76' lang='grc'>25</span> <span class='ocrx_word' id='word_1_177' title='bbox 530 2759 561 2815; x_wconf 93' lang='lat' dir='ltr'><em>te</em></span> <span class='ocrx_word' id='word_1_178' title='bbox 582 2771 645 2815; x_wconf 90' lang='lat' dir='ltr'><em>om.</em></span> <span class='ocrx_word' id='word_1_179' title='bbox 666 2754 723 2815; x_wconf 85' lang='grc'>*2.</span> <span class='ocrx_word' id='word_1_180' title='bbox 755 2759 825 2831; x_wconf 87' lang='grc'>236,</span> <span class='ocrx_word' id='word_1_181' title='bbox 843 2772 857 2813; x_wconf 93' lang='grc'><em>2</em></span> 
     </span>
     <span class='ocr_line' id='line_1_26' title="bbox 96 2833 856 2912; baseline 0.004 -19"><span class='ocrx_word' id='word_1_182' title='bbox 96 2833 185 2909; x_wconf 85' lang='lat' dir='ltr'><em>flant</em></span> <span class='ocrx_word' id='word_1_183' title='bbox 205 2833 225 2900; x_wconf 80' lang='grc' dir='ltr'><em>Ε.</em></span> <span class='ocrx_word' id='word_1_184' title='bbox 256 2835 377 2910; x_wconf 70' lang='lat' dir='ltr'><em>equod</em></span> <span class='ocrx_word' id='word_1_185' title='bbox 397 2834 468 2912; x_wconf 89' lang='lat' dir='ltr'><em>(pro</em></span> <span class='ocrx_word' id='word_1_186' title='bbox 490 2835 582 2911; x_wconf 80' lang='lat' dir='ltr'><em>quia)</em></span> <span class='ocrx_word' id='word_1_187' title='bbox 603 2835 623 2902; x_wconf 77' lang='grc' dir='ltr'><em>Ε.</em></span> <span class='ocrx_word' id='word_1_188' title='bbox 658 2839 728 2912; x_wconf 92' lang='grc'>238,</span> <span class='ocrx_word' id='word_1_189' title='bbox 748 2853 775 2894; x_wconf 79' lang='grc'><em>29</em></span> <span class='ocrx_word' id='word_1_190' title='bbox 795 2852 856 2896; x_wconf 92' lang='lat' dir='ltr'><em>sua</em></span> 
     </span>
     <span class='ocr_line' id='line_1_27' title="bbox 100 2913 856 3010; baseline 0.011 -42"><span class='ocrx_word' id='word_1_191' title='bbox 100 2913 157 2973; x_wconf 83' lang='grc'>*2.</span> <span class='ocrx_word' id='word_1_192' title='bbox 198 2917 268 2990; x_wconf 89' lang='grc'>239,</span> <span class='ocrx_word' id='word_1_193' title='bbox 291 2931 315 2973; x_wconf 77' lang='lat' dir='ltr'><em>rs</em></span> <span class='ocrx_word' id='word_1_194' title='bbox 336 2915 493 2976; x_wconf 81' lang='lat' dir='ltr'><em>candente</em></span> <span class='ocrx_word' id='word_1_195' title='bbox 513 2915 570 2974; x_wconf 86' lang='grc'>*2.</span> <span class='ocrx_word' id='word_1_196' title='bbox 606 2918 856 3010; x_wconf 62' lang='grc'>2462222210-</span> 
     </span>
    </p>
   </div>
   <div class='ocr_carea' id='block_1_6' title="bbox 100 3121 856 3391">
    <p class='ocr_par' dir='ltr' id='par_1_6' title="bbox 100 3121 856 3391">
     <span class='ocr_line' id='line_1_28' title="bbox 162 3121 856 3177; baseline 0.003 -13"><span class='ocrx_word' id='word_1_197' title='bbox 162 3121 385 3177; x_wconf 63' lang='lat' dir='ltr'><em>mentastrum,</em></span> <span class='ocrx_word' id='word_1_198' title='bbox 404 3125 470 3166; x_wconf 82' lang='lat'><strong>2-4:</strong></span> <span class='ocrx_word' id='word_1_199' title='bbox 491 3128 521 3166; x_wconf 78' lang='lat' dir='ltr'><em>Et</em></span> <span class='ocrx_word' id='word_1_200' title='bbox 539 3138 584 3166; x_wconf 79' lang='lat' dir='ltr'><em>ecee</em></span> <span class='ocrx_word' id='word_1_201' title='bbox 603 3130 677 3166; x_wconf 83' lang='lat' dir='ltr'><em>terroe</em></span> <span class='ocrx_word' id='word_1_202' title='bbox 695 3130 766 3166; x_wconf 85' lang='lat' dir='ltr'><em>motus</em></span> <span class='ocrx_word' id='word_1_203' title='bbox 782 3129 856 3176; x_wconf 79' lang='lat' dir='ltr'><em>faetus</em></span> 
     </span>
     <span class='ocr_line' id='line_1_29' title="bbox 100 3179 855 3229; baseline 0.001 -10"><span class='ocrx_word' id='word_1_204' title='bbox 100 3182 133 3219; x_wconf 80' lang='lat' dir='ltr'><em>est</em></span> <span class='ocrx_word' id='word_1_205' title='bbox 150 3189 250 3228; x_wconf 78' lang='lat' dir='ltr'><em>magnus.</em></span> <span class='ocrx_word' id='word_1_206' title='bbox 278 3180 376 3229; x_wconf 74' lang='lat' dir='ltr'><em>Angelus</em></span> <span class='ocrx_word' id='word_1_207' title='bbox 396 3181 455 3220; x_wconf 76' lang='lat' dir='ltr'><em>enim</em></span> <span class='ocrx_word' id='word_1_208' title='bbox 469 3181 559 3220; x_wconf 74' lang='lat' dir='ltr'><em>Domini</em></span> <span class='ocrx_word' id='word_1_209' title='bbox 579 3179 690 3219; x_wconf 76' lang='lat' dir='ltr'><em>deseendit</em></span> <span class='ocrx_word' id='word_1_210' title='bbox 710 3181 737 3220; x_wconf 80' lang='lat' dir='ltr'><em>uie</em></span> <span class='ocrx_word' id='word_1_211' title='bbox 757 3182 816 3220; x_wconf 83' lang='lat' dir='ltr'><em>eaelo</em></span> <span class='ocrx_word' id='word_1_212' title='bbox 835 3186 855 3220; x_wconf 87' lang='lat' dir='ltr'><em>et</em></span> 
     </span>
     <span class='ocr_line' id='line_1_30' title="bbox 101 3231 855 3283; baseline 0.001 -11"><span class='ocrx_word' id='word_1_213' title='bbox 101 3231 204 3272; x_wconf 71' lang='lat' dir='ltr'><em>accedens</em></span> <span class='ocrx_word' id='word_1_214' title='bbox 218 3233 310 3272; x_wconf 78' lang='lat' dir='ltr'><em>revolvit</em></span> <span class='ocrx_word' id='word_1_215' title='bbox 323 3234 420 3282; x_wconf 72' lang='lat' dir='ltr'><em>lapidem</em></span> <span class='ocrx_word' id='word_1_216' title='bbox 435 3239 456 3274; x_wconf 86' lang='lat' dir='ltr'><em>et</em></span> <span class='ocrx_word' id='word_1_217' title='bbox 469 3235 557 3274; x_wconf 76' lang='lat' dir='ltr'><em>sedebat</em></span> <span class='ocrx_word' id='word_1_218' title='bbox 570 3245 639 3283; x_wconf 78' lang='lat' dir='ltr'><em>super</em></span> <span class='ocrx_word' id='word_1_219' title='bbox 649 3245 708 3283; x_wconf 69' lang='grc'>2222,-</span> <span class='ocrx_word' id='word_1_220' title='bbox 725 3238 773 3274; x_wconf 85' lang='lat' dir='ltr'><em>erat</em></span> <span class='ocrx_word' id='word_1_221' title='bbox 782 3239 855 3273; x_wconf 78' lang='lat' dir='ltr'><em>uatem</em></span> 
     </span>
     <span class='ocr_line' id='line_1_31' title="bbox 101 3286 854 3337; baseline 0.001 -12"><span class='ocrx_word' id='word_1_222' title='bbox 101 3291 203 3336; x_wconf 75' lang='lat' dir='ltr'><em>aspectus</em></span> <span class='ocrx_word' id='word_1_223' title='bbox 216 3286 265 3325; x_wconf 80' lang='lat' dir='ltr'><em>eins</em></span> <span class='ocrx_word' id='word_1_224' title='bbox 277 3287 334 3326; x_wconf 79' lang='lat' dir='ltr'><em>sieut</em></span> <span class='ocrx_word' id='word_1_225' title='bbox 347 3288 437 3337; x_wconf 75' lang='lat' dir='ltr'><em>fulgur,</em></span> <span class='ocrx_word' id='word_1_226' title='bbox 457 3291 478 3328; x_wconf 88' lang='lat' dir='ltr'><em>et</em></span> <span class='ocrx_word' id='word_1_227' title='bbox 496 3288 647 3327; x_wconf 81' lang='lat' dir='ltr'><em>uestimentum</em></span> <span class='ocrx_word' id='word_1_228' title='bbox 667 3288 716 3327; x_wconf 79' lang='lat' dir='ltr'><em>eius</em></span> <span class='ocrx_word' id='word_1_229' title='bbox 733 3288 789 3327; x_wconf 78' lang='lat' dir='ltr'><em>sieut</em></span> <span class='ocrx_word' id='word_1_230' title='bbox 806 3288 854 3327; x_wconf 74' lang='lat' dir='ltr'><em>niu.</em></span> 
     </span>
     <span class='ocr_line' id='line_1_32' title="bbox 101 3339 855 3391; baseline 0.003 -12"><span class='ocrx_word' id='word_1_231' title='bbox 101 3341 160 3379; x_wconf 83' lang='lat' dir='ltr'><em>Prae</em></span> <span class='ocrx_word' id='word_1_232' title='bbox 183 3339 261 3379; x_wconf 79' lang='lat' dir='ltr'><em>timore</em></span> <span class='ocrx_word' id='word_1_233' title='bbox 281 3344 355 3380; x_wconf 85' lang='lat' dir='ltr'><em>autem</em></span> <span class='ocrx_word' id='word_1_234' title='bbox 376 3342 424 3381; x_wconf 77' lang='lat' dir='ltr'><em>eius</em></span> <span class='ocrx_word' id='word_1_235' title='bbox 444 3341 547 3381; x_wconf 70' lang='lat' dir='ltr'><em>exterriti</em></span> <span class='ocrx_word' id='word_1_236' title='bbox 567 3345 619 3381; x_wconf 82' lang='lat' dir='ltr'><em>sunt</em></span> <span class='ocrx_word' id='word_1_237' title='bbox 639 3341 738 3380; x_wconf 74' lang='lat' dir='ltr'><em>custodes</em></span> <span class='ocrx_word' id='word_1_238' title='bbox 759 3345 779 3381; x_wconf 80' lang='lat' dir='ltr'><em>et</em></span> <span class='ocrx_word' id='word_1_239' title='bbox 799 3343 855 3391; x_wconf 74' lang='lat' dir='ltr'><em>facti</em></span> 
     </span>
    </p>
   </div>
   <div class='ocr_carea' id='block_1_7' title="bbox 7 3393 327 3440">
    <p class='ocr_par' dir='ltr' id='par_1_7' title="bbox 7 3393 327 3440">
     <span class='ocr_line' id='line_1_33' title="bbox 7 3393 327 3440; baseline -0.003 -7"><span class='ocrx_word' id='word_1_240' title='bbox 7 3435 9 3440; x_wconf 75' lang='grc'>,</span> <span class='ocrx_word' id='word_1_241' title='bbox 99 3398 152 3433; x_wconf 81' lang='lat' dir='ltr'><em>sunt</em></span> <span class='ocrx_word' id='word_1_242' title='bbox 166 3393 224 3432; x_wconf 81' lang='lat' dir='ltr'><em>velut</em></span> <span class='ocrx_word' id='word_1_243' title='bbox 237 3394 327 3432; x_wconf 78' lang='lat' dir='ltr'><em>mortui.</em></span> 
     </span>
    </p>
   </div>
   <div class='ocr_carea' id='block_1_8' title="bbox 101 3462 854 3622">
    <p class='ocr_par' dir='ltr' id='par_1_8' title="bbox 101 3462 854 3622">
     <span class='ocr_line' id='line_1_34' title="bbox 162 3462 854 3516; baseline 0.003 -12"><span class='ocrx_word' id='word_1_244' title='bbox 162 3464 172 3492; x_wconf 76' lang='lat'>²</span> <span class='ocrx_word' id='word_1_245' title='bbox 191 3462 269 3505; x_wconf 75' lang='lat' dir='ltr'><em>Mstsh.</em></span> <span class='ocrx_word' id='word_1_246' title='bbox 285 3463 310 3516; x_wconf 85' lang='lat'><em>8,</em></span> <span class='ocrx_word' id='word_1_247' title='bbox 333 3463 369 3505; x_wconf 89' lang='lat'><em>11:</em></span> <span class='ocrx_word' id='word_1_248' title='bbox 391 3465 448 3515; x_wconf 81' lang='lat' dir='ltr'><em>quoti</em></span> <span class='ocrx_word' id='word_1_249' title='bbox 468 3466 534 3505; x_wconf 83' lang='lat' dir='ltr'><em>mulii</em></span> <span class='ocrx_word' id='word_1_250' title='bbox 554 3467 581 3506; x_wconf 79' lang='lat' dir='ltr'><em>ab</em></span> <span class='ocrx_word' id='word_1_251' title='bbox 601 3466 686 3506; x_wconf 80' lang='lat' dir='ltr'><em>oriente</em></span> <span class='ocrx_word' id='word_1_252' title='bbox 706 3471 727 3506; x_wconf 85' lang='lat' dir='ltr'><em>et</em></span> <span class='ocrx_word' id='word_1_253' title='bbox 747 3466 854 3506; x_wconf 70' lang='lat' dir='ltr'><em>occidente</em></span> 
     </span>
     <span class='ocr_line' id='line_1_35' title="bbox 101 3519 854 3560; baseline 0.003 -2"><span class='ocrx_word' id='word_1_254' title='bbox 101 3519 188 3558; x_wconf 79' lang='lat' dir='ltr'><em>venient</em></span> <span class='ocrx_word' id='word_1_255' title='bbox 208 3521 229 3558; x_wconf 85' lang='lat' dir='ltr'><em>ei</em></span> <span class='ocrx_word' id='word_1_256' title='bbox 249 3519 372 3558; x_wconf 76' lang='lat' dir='ltr'><em>recumbent</em></span> <span class='ocrx_word' id='word_1_257' title='bbox 392 3531 441 3558; x_wconf 86' lang='lat' dir='ltr'><em>eum</em></span> <span class='ocrx_word' id='word_1_258' title='bbox 454 3520 568 3559; x_wconf 72' lang='lat' dir='ltr'><em>Abrohom</em></span> <span class='ocrx_word' id='word_1_259' title='bbox 586 3524 607 3559; x_wconf 86' lang='lat' dir='ltr'><em>et</em></span> <span class='ocrx_word' id='word_1_260' title='bbox 625 3520 689 3560; x_wconf 83' lang='lat' dir='ltr'><em>Isaue</em></span> <span class='ocrx_word' id='word_1_261' title='bbox 707 3525 728 3560; x_wconf 89' lang='lat' dir='ltr'><em>et</em></span> <span class='ocrx_word' id='word_1_262' title='bbox 745 3521 809 3560; x_wconf 74' lang='lat' dir='ltr'><em>Iacob</em></span> <span class='ocrx_word' id='word_1_263' title='bbox 829 3521 854 3560; x_wconf 84' lang='lat' dir='ltr'><em>in</em></span> 
     </span>
     <span class='ocr_line' id='line_1_36' title="bbox 101 3573 298 3622; baseline 0 -10"><span class='ocrx_word' id='word_1_264' title='bbox 101 3583 168 3622; x_wconf 76' lang='lat' dir='ltr'><em>regno</em></span> <span class='ocrx_word' id='word_1_265' title='bbox 181 3573 298 3612; x_wconf 61' lang='lat' dir='ltr'><em>rasurum.</em></span> 
     </span>
    </p>
   </div>
   <div class='ocr_carea' id='block_1_9' title="bbox 163 3639 854 3773">
    <p class='ocr_par' dir='ltr' id='par_1_9' title="bbox 163 3639 854 3773">
     <span class='ocr_line' id='line_1_37' title="bbox 163 3639 854 3696; baseline 0.004 -14"><span class='ocrx_word' id='word_1_266' title='bbox 163 3641 173 3668; x_wconf 80' lang='lat'>⁸</span> <span class='ocrx_word' id='word_1_267' title='bbox 187 3639 265 3684; x_wconf 78' lang='lat' dir='ltr'><em>Msnh.</em></span> <span class='ocrx_word' id='word_1_268' title='bbox 279 3641 315 3694; x_wconf 85' lang='grc'>28,</span> <span class='ocrx_word' id='word_1_269' title='bbox 329 3643 351 3694; x_wconf 92' lang='grc'><em>6,</em></span> <span class='ocrx_word' id='word_1_270' title='bbox 365 3641 435 3684; x_wconf 69' lang='lat' dir='ltr'><em>Marc.</em></span> <span class='ocrx_word' id='word_1_271' title='bbox 452 3642 483 3695; x_wconf 91' lang='grc'><em>16,</em></span> <span class='ocrx_word' id='word_1_272' title='bbox 497 3643 519 3696; x_wconf 90' lang='grc'><em>6,</em></span> <span class='ocrx_word' id='word_1_273' title='bbox 536 3642 588 3686; x_wconf 86' lang='lat' dir='ltr'><em>Luc.</em></span> <span class='ocrx_word' id='word_1_274' title='bbox 602 3643 638 3696; x_wconf 75' lang='lat'><em>24,</em></span> <span class='ocrx_word' id='word_1_275' title='bbox 651 3643 673 3686; x_wconf 91' lang='grc'><em>6.</em></span> <span class='ocrx_word' id='word_1_276' title='bbox 687 3644 726 3689; x_wconf 79' lang='lat'><em>34:</em></span> <span class='ocrx_word' id='word_1_277' title='bbox 747 3646 854 3685; x_wconf 57' lang='lat' dir='ltr'><em>surrent.</em></span> 
     </span>
     <span class='ocr_line' id='line_1_38' title="bbox 458 3731 499 3773; baseline 0.024 -1"><span class='ocrx_word' id='word_1_278' title='bbox 458 3731 499 3773; x_wconf 77' lang='lat'><em>453</em></span> 
     </span>
    </p>
   </div>
   <div class='ocr_carea' id='block_1_10' title="bbox 0 0 1076 4168">
    <p class='ocr_par' dir='ltr' id='par_1_10' title="bbox 0 0 1076 4168">
     <span class='ocr_line' id='line_1_39' title="bbox 0 0 1076 4168; baseline 0 0"><span class='ocrx_word' id='word_1_279' title='bbox 0 0 1076 4168; x_wconf 95' lang='lat' dir='ltr'><em> </em></span> 
     </span>
    </p>
   </div>
  </div>
 </body>
</html>
