2152 4174
232 393 979 502 Qffffibnznfflffi

226 579 441 657 Praeponitur
481 597 546 640 nox
581 580 666 656 luci,
707 579 821 640 vitium
857 581 983 658 virtuti,

224 695 314 738 mors
333 677 428 752 vitae,
450 677 553 737 lutum
570 695 659 753 auro,
680 686 764 738 testa
779 679 983 756 margaritae,

225 775 358 836 infamis
380 792 552 852 generoso.

266 873 351 950 Quis
381 874 463 933 haec
494 873 630 934 audiens
661 890 727 933 non
762 872 984 950 ingemiscat?
1067 955 1068 960 ἵ

201 971 311 1048 sQuis
347 970 476 1030 Iudaeis
511 988 577 1030 non
618 972 840 1032 succenseat?
897 972 983 1049 Quis

226 1067 367 1129 iudicem
389 1084 455 1127 non
474 1069 612 1144 arguat?
649 1068 738 1128 Licet
753 1069 839 1130 lavet
854 1086 984 1145 manus,

226 1165 376 1243 quamvis
407 1175 542 1226 excuset
573 1183 609 1226 se
641 1183 749 1226 coram
782 1167 984 1243 hominibus,

226 1265 302 1324 licet
333 1262 448 1324 iecerit
477 1262 593 1323 timore
625 1263 796 1340 Caesaris,
832 1263 984 1341 quamvis

228 1363 419 1423 ludaeorum
456 1362 700 1438 importunitate
731 1372 880 1438 coactus,
916 1380 983 1423 non

192 1475 216 1516 ro
227 1468 277 1520 est
297 1468 406 1519 tamen
428 1459 559 1535 penitus
580 1477 599 1520 a
620 1460 797 1520 commisso
822 1460 984 1536 mundus;
1067 1447 1068 1496 ἶ

227 1557 349 1617 sciebat
378 1556 482 1632 enim,
510 1558 597 1633 quod
625 1574 685 1634 per
708 1557 863 1619 invidiam
885 1559 984 1618 tradi·
1067 1583 1068 1590 κ

227 1655 352 1715 dissent
368 1671 453 1714 eum.
483 1653 605 1714 Melius
621 1654 752 1731 quidem
769 1654 887 1716 fuisset
901 1665 983 1717 tem·

226 1753 370 1829 poralem
406 1752 543 1828 perdere
578 1751 793 1827 principatum
836 1752 984 1828 bononie,

227 1867 323 1928 quam
346 1849 538 1928 innocenter
553 1849 716 1924 damnare,
738 1866 835 1926 quem
858 1849 982 1910 iustum

194 1966 218 2008 15
227 1948 360 2008 sciebat.
411 1945 532 2008 Vtilius
563 1945 668 2006 iuerat
699 1955 801 2006 totum
832 1947 984 2008 amittere
1067 2007 1068 2020 ,

228 2046 396 2119 mundum,
418 2060 514 2120 quam
534 2060 670 2120 peccare
692 2044 725 2104 in
746 2044 852 2104 Deum
876 2053 908 2105 et
931 2062 985 2105 oc·

228 2143 337 2203 cidere
360 2141 541 2203 Christum.

268 2240 298 2302 Ο
321 2256 417 2317 quam
439 2238 584 2300 terribile
606 2240 762 2300 iudicium
787 2240 849 2300 erit
873 2239 986 2317 impiis

229 2349 260 2399 et
275 2337 453 2398 incredulis
468 2337 502 2397 in
517 2338 682 2413 extremis,
704 2354 778 2397 cum
799 2337 987 2412 apparuerit

191 2435 262 2496 eoin
297 2434 400 2511 gloria
434 2434 613 2495 maiestatis
648 2452 727 2495 suae
762 2433 860 2494 iudex
893 2434 986 2494 Deus

229 2551 316 2602 nunc
338 2533 458 2592 iniuste
481 2531 658 2592 iudicatus!
687 2531 778 2592 Tunc
797 2531 987 2608 gaudebunt

230 2648 345 2692 omnes
376 2628 491 2690 fideles
521 2629 585 2705 pii,
620 2629 675 2706 qui
711 2629 807 2689 modo
842 2630 987 2705 graviter

230 2730 398 2790 tristantur
419 2727 459 2787 de
487 2726 598 2804 iniqua
622 2727 828 2788 damnatione
851 2727 986 2788 Domini

230 2825 280 2886 sui
311 2824 386 2885 Iesu
416 2823 551 2885 Christi.
600 2824 691 2885 Tunc
722 2834 818 2886 erunt
848 2825 924 2886 laeti
954 2835 988 2886 et

193 2945 220 2986 25
231 2923 356 2998 securi,
384 2922 439 2999 qui
461 2939 548 2982 nunc
572 2922 733 2999 patienter
759 2923 867 2984 lerunt
896 2940 988 2998 pres·
1067 2945 1068 2950 ¹

230 3038 324 3082 suras
354 3020 486 3095 mundi,
521 3020 672 3081 iniuriam
706 3021 814 3082 damni
846 3030 878 3082 et
910 3039 988 3082 con·

130 3117 131 3121 ’
197 3168 204 3179 ,
230 3127 387 3194 temptum
411 3118 471 3178 sui.

271 3214 300 3276 Ο
323 3215 375 3291 pie
398 3225 430 3275 et
452 3217 557 3277 dulcis
573 3216 724 3292 Domine,
747 3216 802 3293 qui
825 3215 916 3277 luisti
939 3217 988 3277 in-

230 3311 316 3372 iuste
344 3311 505 3373 iudicatus
534 3331 552 3372 a
575 3313 678 3374 Pilato
707 3313 857 3390 praeside
886 3323 918 3373 et
947 3314 987 3374 ad
1067 3327 1068 3334 ¹

194 3410 338 3470 socrucis
359 3411 568 3487 opprobrium
598 3411 851 3486 condemnatuS,
880 3411 987 3472 tribue
1067 3413 1068 3440 l

232 3508 311 3568 mihi
344 3509 376 3568 in
412 3509 552 3584 capitulo
588 3509 755 3585 culparum
789 3508 986 3568 sententiam
1067 3559 1068 3576 ,

592 3611 630 3654 roa
