2194 4180
256 577 285 639 0
313 577 399 637 bone
422 577 496 636 lesu
526 585 558 636 et
585 576 776 636 dulcissime
805 561 971 653 magister,

216 673 270 750 qui
294 673 403 733 omnia
424 673 510 733 nosti
539 683 630 748 ante,
659 691 755 750 quarn
785 673 883 749 fiunt,
911 690 972 733 cur

215 770 396 847 interrogas
418 770 457 829 ab
479 787 534 845 ea,
564 787 647 847 quae
669 770 726 830 tibi
750 770 871 848 optime
893 780 972 830 sunt

193 966 268 1041 srit,
290 965 336 1026 nil
358 966 446 1026 aliud
468 965 648 1041 desiderat,
679 983 775 1043 quarn
800 976 832 1026 te
854 966 973 1042 solum,

216 1081 314 1140 quern
344 1080 444 1140 super
471 1063 581 1123 omnia
606 1063 767 1124 veraciter
794 1074 889 1124 amat.
932 1063 973 1124 Et

216 1161 293 1239 quia
314 1170 345 1221 te
367 1178 432 1221 non
455 1160 581 1222 invenit
607 1161 640 1222 in
662 1162 856 1238 sepulchro,
884 1162 973 1222 dolet

217 1267 249 1318 et
271 1258 391 1334 plorat,
422 1258 498 1334 quia
519 1259 659 1335 perdidit
680 1259 856 1336 optimum,
884 1259 973 1336 quod

218 1357 330 1417 habuit
357 1357 391 1417 in
420 1366 487 1417 toto
515 1358 647 1418 mundo.
691 1356 854 1435 Quotiens
883 1355 972 1417 enim

183 1469 209 1510 10
218 1464 249 1515 te
272 1453 390 1532 cogitat
418 1465 473 1515 aut
501 1455 541 1515 de
564 1465 595 1516 te
618 1455 706 1532 loqui
729 1454 818 1515 audit
846 1463 900 1514 aut
921 1471 974 1514 se·

218 1553 391 1628 pulchrum
408 1561 499 1612 tuum
515 1551 604 1613 videt
620 1561 675 1612 aut
690 1568 821 1612 crucem
837 1550 975 1611 attendit

218 1658 273 1709 aut
294 1649 426 1726 aliquid,
448 1649 534 1726 quod
557 1649 597 1709 ad
624 1659 656 1711 te
678 1649 836 1725 pertinet,
864 1648 973 1710 statim

219 1756 370 1808 movetur
391 1764 448 1807 cor
469 1746 558 1823 eius,
584 1757 616 1808 et
637 1748 757 1823 plorat,
786 1746 862 1824 quia
882 1764 977 1807 arnor

219 1843 391 1920 quiescere
426 1843 549 1919 nescit,
589 1844 653 1904 nisi
690 1844 851 1921 inveniat,
885 1846 974 1921 quod

186 1958 210 1999 ιε
219 1942 404 2019 quaerebat,
420 1951 451 2002 et
462 1943 588 2019 habeat,
603 1943 690 2019 quod
701 1952 796 2018 amat,
811 1952 843 2004 et
854 1951 975 2017 teneat,

219 2040 306 2117 quod
327 2039 541 2101 desiderabat.

261 2135 335 2196 Noli
352 2153 439 2213 ergo,
463 2137 614 2212 Domine,
636 2136 743 2212 irasci,
765 2139 793 2198 si
811 2156 919 2198 coram
941 2147 976 2199 te

219 2235 324 2310 plorat
338 2234 436 2294 hodie
451 2234 485 2294 in
496 2244 560 2294 tarn
577 2251 694 2311 magno
710 2234 794 2295 festo
810 2244 842 2295 et
861 2245 976 2295 sancto

220 2330 273 2391 die
295 2333 452 2408 paschae;
481 2331 557 2408 quia
584 2334 647 2392 hoc
676 2349 767 2391 amor
795 2332 871 2393 facit
898 2341 977 2393 tuus

185 2439 253 2489 aoet
283 2445 399 2506 inagna
429 2429 577 2505 devotio,
607 2447 704 2507 quarn
736 2429 833 2490 habet
863 2430 901 2490 ad
932 2439 978 2506 te,

221 2543 304 2603 quae
339 2544 405 2587 non
446 2526 574 2587 sinebat
615 2544 686 2588 earn
729 2527 871 2587 dormire
913 2543 977 2588 nee
1053 2520 1071 2526 ”

222 2624 411 2702 quiescere,
442 2625 500 2685 sed
523 2626 658 2702 cogebat
680 2634 754 2687 ante
776 2626 883 2685 lucem
906 2643 978 2686 sur-

221 2738 298 2798 gere
319 2722 358 2782 ad
381 2723 567 2798 ungendum
593 2731 634 2784 te.
666 2724 705 2783 Et
726 2723 803 2800 quia
824 2723 887 2783 iarn
909 2740 976 2784 non

222 2819 348 2880 invenit
369 2829 411 2895 te,
433 2821 537 2896 plorat
559 2830 591 2881 et
613 2821 700 2881 dolet
721 2820 821 2881 nimis
844 2830 979 2898 propter

186 2927 264 2980 aste.
306 2916 407 2978 Tanto
429 2935 539 2978 amore
562 2918 677 2993 fervet,
698 2926 786 2979 tanto
813 2918 979 2979 desiderio

223 3024 274 3076 est
295 3031 433 3075 accensa
454 3016 493 3076 ad
515 3015 737 3092 quaerendum
761 3024 808 3090 te,
829 3015 926 3091 quod,
948 3015 977 3076 si

224 3115 333 3174 volare
355 3123 467 3190 posset
489 3112 574 3173 sicut
595 3112 747 3189 angelus,
769 3114 894 3173 volaret
916 3113 980 3173 uti·
1093 3173 1094 3178 ,

224 3229 287 3289 que
309 3212 348 3272 ad
371 3221 402 3272 te
425 3228 525 3288 super
546 3227 662 3270 omnes
677 3219 806 3271 montes
828 3219 860 3270 et
875 3210 979 3271 colles

224 3319 257 3369 et
278 3326 376 3385 supra
403 3318 489 3369 astra
511 3307 612 3384 caeli,
641 3307 680 3367 ad
702 3308 924 3384 quaerendum
948 3318 981 3370 te

187 3405 258 3470 aoin
281 3407 371 3467 caelo
393 3407 490 3467 etiam
513 3421 612 3481 super
634 3405 803 3466 cherubim
831 3414 864 3465 et
892 3423 981 3466 sera-

225 3501 332 3577 phim,
354 3503 393 3562 ad
415 3503 649 3564 inveniendum
678 3513 710 3564 te
732 3503 765 3564 in
791 3519 890 3580 regno
913 3513 981 3579 tuo,

580 3607 623 3649 aaa
