2152 4174
85 418 836 530 minem&

122 604 227 664 Doleo
249 616 413 682 superte,
438 607 512 668 Iesu
534 608 637 684 bone,
657 609 785 686 patiens
807 620 838 671 et

76 711 263 779 mansuete,
283 703 426 780 graviter
440 704 609 782 flagellate,
631 723 689 782 pro
705 724 757 768 me
772 717 838 768 tur·

76 799 165 874 piter
186 799 283 860 illuse
309 800 534 878 acerrimeque
556 813 726 880 coronate,
749 813 782 864 et
803 814 838 865 ut

76 896 215 957 uberius
231 897 342 958 dolere
358 899 495 975 valeam,
514 901 735 976 penetrativae
751 919 837 962 com-

75 993 268 1068 punctionis
297 1011 440 1072 exposco
471 997 615 1073 gratiam.
657 999 752 1060 Vnde
778 1001 860 1066 bu-s

76 1091 202 1152 militer
230 1109 338 1153 coram
367 1103 400 1154 te
423 1104 605 1171 prostratus
630 1106 717 1156 tuam
740 1113 838 1158 vene-

75 1190 212 1250 randam
251 1192 350 1252 adoro
388 1194 592 1256 maiestatem
627 1194 660 1255 in
696 1196 838 1257 humana

74 1297 194 1348 natura
209 1291 499 1368 contemptibiliter
513 1285 701 1368 depressam
718 1293 837 1354 votivis

75 1385 173 1446 labiis
195 1385 312 1448 intime
333 1389 549 1465 deprecando,
573 1399 608 1450 ut
629 1389 717 1450 illam
740 1391 837 1452 mise-

75 1483 214 1545 rabilem
247 1486 358 1546 vultus
387 1486 434 1546 tui
467 1486 604 1547 formam
636 1488 725 1549 cordi
762 1504 872 1550 meoio

73 1581 313 1658 perspicaciter
342 1583 511 1661 imprimas
542 1594 573 1646 et
604 1586 756 1647 ardenter
788 1588 836 1648 in-

74 1679 175 1756 figas3
196 1679 326 1757 qualern
342 1681 435 1742 visus
450 1699 487 1742 es
506 1682 561 1742 illa
575 1684 656 1744 bora
670 1685 840 1761 habuisse,-

73 1778 208 1854 quando
239 1779 328 1838 velut
359 1778 586 1840 abominabilis
617 1781 767 1858 leprosus
796 1784 835 1843 ab

73 1875 232 1936 omnibus
255 1875 344 1938 luisti
367 1876 532 1952 proiectus
554 1887 585 1938 et
607 1879 647 1939 ad
669 1880 834 1957 publicum

73 1972 301 2049 spectaculum
324 1973 429 2050 spinis
457 1985 631 2036 coronatus
658 1978 870 2039 confusibi-is

72 2069 151 2131 liter
193 2070 382 2147 productus.
445 2072 545 2133 Intret
583 2074 711 2150 species
753 2076 834 2135 baec

72 2167 263 2228 miserrima
298 2169 406 2230 cordis
440 2169 505 2230 mei
541 2180 669 2232 secreta
702 2181 734 2232 et
768 2181 833 2233 tam

72 2265 257 2326 efficaciter
271 2276 466 2343 compungat
484 2276 516 2327 et
535 2269 668 2345 cruciet,
687 2278 722 2330 ut
737 2287 833 2330 omne

71 2364 278 2424 mundanum
294 2364 460 2425 curiosum
476 2365 516 2425 ab
538 2367 642 2427 oculis
657 2368 741 2429 meis
762 2385 834 2445 per·

72 2471 143 2537 eat,
178 2478 277 2522 omne
304 2464 434 2523 carnale
462 2462 672 2525 libidinosum
702 2465 869 2541 penitusao

71 2559 232 2634 intereat,
260 2576 357 2620 omne
384 2578 528 2622 amarum
551 2580 587 2623 ac
609 2563 675 2623 vile
702 2572 834 2640 propter

70 2667 105 2718 te
119 2657 289 2718 dulcescat
304 2667 336 2718 et
350 2659 490 2735 placeat:
512 2660 643 2721 vincant
662 2661 833 2737 passiones

71 2764 149 2816 tuae
178 2755 281 2815 malas
308 2755 500 2818 affectiones
528 2775 619 2818 meas
645 2769 677 2820 et
701 2761 830 2821 dolores

71 2853 119 2914 tui
143 2852 329 2930 gravissimi
352 2853 530 2915 cotidianas
552 2872 643 2916 meas
664 2857 831 2918 molestias

72 2951 234 3029 mitigent.
279 2951 368 3011 Haec
398 2969 489 3013 sacra
511 2963 586 3014 tuae
611 2954 868 3015 coronationiszs

71 3048 262 3126 imaginatio
280 3048 405 3109 seriose
426 3068 463 3110 ac
485 3052 646 3127 prolunde
666 3053 832 3129 speculata

72 3147 227 3224 praebeat
270 3145 349 3206 mihi
389 3164 542 3224 magnum
574 3149 660 3211 inter
694 3151 831 3211 adversa

72 3245 232 3305 solacium
270 3244 504 3323 confirmetque
540 3256 652 3308 contre
687 3248 830 3308 lubricae

72 3342 276 3420 evagationis
317 3342 496 3405 incursum.
552 3346 650 3406 Mens
688 3363 829 3423 namque

73 3449 231 3517 occupata
273 3441 393 3502 divinis
434 3452 531 3520 atque
573 3443 866 3520 compunctioni-eo

73 3539 135 3598 bus
178 3537 286 3598 dedita
330 3539 485 3601 liberatur
523 3560 541 3601 a
581 3541 829 3618 cogitationibus

436 3645 471 3688 roi
