2142 4172
229 423 990 537 Quam&

229 623 262 674 et
282 614 321 674 ad
343 613 493 689 patienda
515 614 652 674 adversa
666 616 815 691 exemplo
830 624 886 675 tuo
908 633 990 675 con·

230 711 377 771 fortares.

270 809 390 868 lterum
420 808 599 869 laetissime
621 810 777 886 regratior
804 809 879 885 tibi,
907 810 990 886 quia

229 924 287 983 pro
316 906 540 966 consolatione
561 924 634 967 mea
660 901 989 968 resurrexisti'tertia

207 1003 282 1063 odie
304 1004 344 1064 de
366 1004 540 1080 sepulchro
563 1013 594 1064 et
616 1005 791 1081 apparuisti
814 1005 987 1081 discipulis

229 1101 294 1162 tuis
316 1103 472 1162 cenaculo
494 1101 605 1162 clauso
627 1119 701 1162 cum
718 1102 834 1179 gaudio
856 1120 986 1179 magno,

229 1216 271 1258 ne
293 1216 353 1276 ego
375 1199 546 1275 desperem
567 1199 600 1260 in
616 1199 822 1261 tribulatione
844 1217 917 1260 mea
931 1201 985 1260 vel

230 1297 262 1356 in
285 1296 393 1373 aliquo
415 1297 533 1357 damno
549 1306 580 1356 et
595 1297 751 1373 periculo,
773 1298 831 1358 sed
847 1297 984 1357 habeam

230 1393 262 1452 in
285 1402 316 1453 te
338 1394 455 1453 bonam
478 1395 706 1456 confidentiam
729 1396 769 1456 de
787 1397 871 1456 malo
893 1414 986 1473 prae-

195 1513 220 1554 ro
230 1491 314 1551 senti
327 1491 455 1552 liberari
468 1503 498 1553 et
515 1492 639 1553 firmam
651 1511 742 1570 spem
758 1493 791 1553 in
802 1494 986 1554 novissimo

230 1588 283 1648 die
317 1606 376 1665 per
406 1598 437 1650 te
473 1591 660 1652 resuscitari
696 1608 770 1651 cum
802 1591 916 1651 electis
953 1591 987 1651 in
1051 1659 1052 1662 Ἴ

230 1687 328 1747 vitam
351 1696 526 1748 aeternam.

272 1786 413 1845 Rursum
430 1786 641 1847 devotissime
657 1786 813 1863 regratior
829 1786 886 1846 tibi
910 1804 989 1847 con·
1051 1823 1052 1834 κ

230 1883 399 1960 gaudendo
417 1883 531 1943 intimo
547 1884 644 1944 corde
659 1892 691 1944 et
705 1900 762 1944 ore
778 1883 818 1943 de
833 1885 988 1944 sollemni

196 1979 442 2054 rsprocessione
473 1989 505 2039 et
535 1979 676 2056 gloriosa
705 1980 900 2040 ascensione
932 1990 989 2041 tua

231 2075 263 2136 in
286 2078 411 2136 caelum
440 2075 473 2136 in
503 2078 687 2153 praesentia
715 2087 846 2139 sanctae
872 2079 988 2139 matris
1051 2095 1052 2100 ¹

230 2183 304 2234 tuae
340 2183 371 2234 et
402 2174 538 2234 aliorum
572 2175 806 2251 discipulorum
837 2185 988 2252 tuorum3

230 2271 306 2347 quia
326 2271 535 2347 praecessisti
564 2283 637 2333 ante
666 2290 719 2332 me
740 2290 854 2349 parare
875 2273 987 2333 locum

230 2368 314 2443 apud
345 2377 377 2428 te
408 2379 439 2430 et
470 2370 597 2446 aperire
627 2370 707 2430 mihi
738 2379 863 2447 portam
893 2370 1014 2447 regni⁸

194 2466 382 2526 aocaelestis
403 2484 462 2543 per
475 2467 662 2543 passionem
685 2477 717 2528 et
732 2485 863 2528 crucem
886 2477 987 2543 tuam,

231 2564 285 2624 ubi
308 2564 370 2628 iam
386 2564 471 2625 vivis
493 2574 525 2625 et
547 2582 662 2642 regnas
684 2565 717 2625 in
735 2576 866 2625 aeterna
883 2566 987 2648 gloria

232 2662 336 2722 Patris
358 2663 403 2722 tui
422 2680 496 2722 cum
512 2663 646 2740 angelis,
661 2663 764 2723 donec
780 2663 897 2723 iterum
914 2662 987 2722 red·

231 2777 287 2820 eas
318 2760 461 2821 iudicare
491 2761 585 2821 vivos
616 2770 648 2820 et
678 2769 824 2821 mortuos
854 2759 888 2820 in
921 2759 987 2819 line

231 2860 371 2934 saeculi,
399 2860 484 2920 sicut
505 2845 686 2919 docuerunt
712 2876 773 2919 nos
794 2859 858 2918 duo
881 2858 985 2918 sancti

195 2957 336 3035 zsangeli
365 2958 446 3018 albis
471 2958 617 3017 vestibus
645 2956 748 3017 induti
777 2975 835 3034 pro
864 2957 987 3018 laetitia

232 3057 330 3117 huius
352 3057 454 3117 sancti
478 3055 567 3130 festi,
590 3055 645 3132 qui
668 3064 745 3115 tunc
766 3065 987 3131 apparuerunt

232 3154 400 3231 discipulis
422 3153 487 3214 tuis
509 3170 639 3214 sursum
658 3153 891 3229 aspicientibus
912 3161 986 3228 post

232 3263 263 3314 te
285 3254 324 3313 ad
346 3252 454 3312 sidera
475 3252 566 3312 caeli.
608 3251 638 3313 O
660 3268 756 3328 quam
781 3250 866 3310 beati
888 3249 986 3324 oculi,

232 3351 287 3428 qui
317 3360 349 3411 te
380 3350 412 3410 in
445 3368 542 3411 carne
573 3351 684 3411 videre
715 3358 923 3424 meruerunt,
953 3360 985 3410 et

196 3464 328 3525 soquam
357 3448 470 3508 beatae
499 3465 611 3522 aures,
641 3465 724 3525 quae
753 3457 785 3508 te
813 3447 986 3507 audierunt

233 3544 419 3620 loquentem
463 3545 502 3604 de
544 3561 644 3620 regno
676 3545 754 3619 Dei,
797 3560 861 3620 quo
903 3543 984 3604 nihil

590 3649 631 3690 ara
