2142 4172
530 481 696 536 Epilegomena.

235 632 362 693 nicano.
391 637 403 704 11
432 632 607 708 Coloniae,
649 632 745 709 Apud
785 632 991 692 Ludouicum

236 711 437 774 Alectorium
453 718 465 783 11
487 723 520 773 et
540 713 701 774 haeredes
723 711 829 773 iacobi
854 712 993 788 Soteris,

236 792 332 853 Anno
347 796 431 854 1577.
441 793 452 864 11
462 795 536 871 Pag.
551 798 586 854 3:
604 791 796 862 Praefatioll
806 792 844 854 Sl
861 793 991 854 deside-

236 891 288 933 ras
309 875 455 950 perfecte
479 873 628 935 mundari
650 892 670 934 a
690 879 702 946 11
725 874 815 950 Expl.
837 891 909 950 pag.
931 876 994 933 204

236 955 256 1014 l.
282 957 413 1015 15—17:
442 954 561 1015 futuris
590 955 707 1032 largire
729 954 930 1030 custodiam,
960 965 993 1013 et

237 1034 313 1094 loeli
329 1040 341 1106 11
356 1052 427 1095 cern
450 1035 777 1110 consummationem,
798 1038 810 1106 ll
835 1033 954 1095 Amen.
987 1033 990 1104 1

235 1118 298 1174 204
312 1132 406 1191 pagg.
422 1118 532 1192 forma
553 1116 763 1176 duodenaria.
800 1114 887 1177 Curn
912 1115 992 1192 ligu-

235 1195 281 1254 ris
304 1196 379 1255 XXI
403 1195 436 1256 in
459 1197 582 1273 lignum
604 1196 728 1257 incisis.

295 1327 353 1381 *aa
383 1326 527 1389 Thomae
550 1328 695 1389 Malleoli
723 1345 742 1387 a
771 1327 920 1404 Kempis.
936 1373 943 1386 .
960 1372 991 1386 ..

236 1406 345 1485 Opera
374 1407 492 1468 omnia.
534 1407 585 1468 Ad
613 1409 811 1486 autographa
839 1407 989 1468 eiusdem

236 1487 343 1553 denuo
359 1489 539 1565 emendata,
561 1498 657 1566 atque
673 1489 769 1549 etiarn
792 1487 825 1547 in
844 1488 990 1548 editione

234 1577 303 1629 tum
326 1569 512 1646 primatum
528 1570 672 1630 secunda
687 1578 780 1629 aucta
794 1569 990 1645 plurimum:

236 1647 356 1710 Omnia
383 1667 462 1710 vero
491 1649 524 1710 in
553 1660 621 1710 tres
649 1649 769 1710 Tomos
800 1649 990 1709 distributa:

235 1727 345 1806 Opera
366 1747 403 1790 ac
430 1730 537 1790 studio
561 1732 597 1791 R.
614 1731 649 1790 P.
666 1729 801 1790 Henrici
819 1729 989 1790 Sommalii

235 1826 253 1869 e
290 1809 452 1871 Societate
488 1811 573 1871 lesu.
692 1810 797 1871 Editio
833 1810 989 1870 secunda.

234 1889 451 1968 Antverpiae‚
493 1891 539 1951 Ex
569 1890 712 1953 Ofiicina
742 1889 990 1967 Typographica

236 1969 368 2030 Martini
385 1971 487 2031 Nutii.
503 2016 510 2032 .
526 2017 533 2031 .
550 2016 557 2031 .
580 1969 774 2032 M.DC.VII.
795 1974 838 2030 8⁰.
860 1973 922 2030 879
936 1987 989 2048 pp.

236 2050 321 2112 Cum
345 2051 453 2128 elligie
468 2050 622 2112 Thomae.
652 2052 726 2128 Pag.
737 2052 899 2111 617-720
914 2067 990 2110 con·
1055 2121 1056 2124 1

235 2131 394 2192 tinentur:
417 2150 447 2208 p.
462 2135 537 2192 617:
560 2133 610 2192 De
629 2132 696 2193 vita
710 2136 722 2204 11
737 2141 768 2192 et
790 2130 963 2191 beneliciis
976 2131 987 2198 j]

236 2211 310 2272 lesu
327 2211 452 2273 Christi
476 2212 647 2273 salvatoris
662 2216 674 2284 11
688 2211 791 2272 nostri
807 2211 990 2272 meditatio-

235 2309 294 2352 nes
309 2295 321 2364 11
337 2301 369 2352 et
390 2292 563 2353 orationes,
579 2298 591 2365 11
607 2339 613 2352 .
630 2338 660 2353 ..
685 2293 764 2352 Pars
781 2293 894 2368 prima.
911 2296 923 2364 11
937 2290 989 2351 Ab

236 2372 460 2433 incarnatione
477 2373 620 2448 Christi,
642 2390 746 2449 vsque
768 2372 807 2433 ad
831 2372 961 2432 Passio·
975 2369 986 2438 *l

235 2470 310 2513 nem
339 2453 497 2514 eiusdem.
520 2458 532 2526 11
558 2453 729 2514 Praefatio.
749 2458 761 2524 ll
782 2453 828 2512 De
848 2452 991 2512 vtilitate

234 2533 321 2594 vitae
348 2533 435 2604 lesu,
467 2539 499 2594 et
523 2533 679 2608 passione
701 2538 713 2605 11
737 2533 888 2593 eiusdem.
912 2537 924 2604 11
949 2532 987 2593 SI

235 2614 402 2674 desideras
430 2613 575 2691 perfecte
599 2619 611 2685 11
635 2614 725 2689 Expl.
748 2631 778 2690 p.
800 2615 861 2674 720
882 2613 943 2672 col.
959 2616 988 2672 2.

235 2694 254 2754 l.
276 2697 325 2769 27,
346 2698 401 2754 28:
424 2695 621 2755 seculorum.
650 2693 768 2755 Amen.
790 2699 802 2766 11
827 2693 955 2765 Finisti

294 2817 348 2873 *a
375 2816 550 2879 Orationes
563 2816 574 2835 ''
588 2817 620 2876 in
638 2825 736 2876 totam
754 2815 852 2876 vitam
866 2814 878 2885 11
892 2815 989 2877 Chri-

235 2898 275 2958 sti
291 2901 303 2968 ll
318 2896 583 2958 auctoreThoma
597 2902 608 2968 11
624 2914 642 2956 a
657 2896 803 2974 Kempis.
819 2901 831 2968 11
847 2897 893 2956 Ex
908 2897 989 2956 anti-

235 2978 309 3054 quis
324 2996 421 3038 manu
438 2977 578 3054 scriptis,
594 2983 605 3048 ll
625 2976 766 3038 Thomas
782 2977 961 3038 Gratianus
975 3008 976 3019 .

236 3059 430 3119 Prouincias
470 3057 543 3120 Col.
583 3056 661 3119 Ord.
703 3059 751 3119 FF
787 3056 849 3117 Ere
877 3062 890 3129 11
921 3057 988 3116 mit.

235 3138 267 3199 S.
290 3138 372 3215 Aug.
396 3138 562 3199 Difiinitor
583 3142 595 3208 Η
616 3139 760 3198 eruebat.
786 3143 798 3208 Η
828 3137 988 3198 Coloniae

235 3217 443 3296 Agrippinae,
467 3223 479 3289 Η
503 3217 598 3294 Apud
630 3216 763 3293 Antonii
795 3217 946 3278 Boetzeri
974 3219 984 3286 1

237 3299 414 3360 Haeredes.
431 3298 671 3361 M.DC.XXVl.
687 3304 699 3370 Η
717 3303 760 3358 8⁰.
784 3298 848 3375 [pp.
865 3299 939 3359 XVI
956 3307 988 3358 et

235 3379 306 3455 520]
323 3386 334 3450 11
347 3396 379 3454 p.
398 3384 435 3438 1:
458 3379 712 3440 Recommenda·
728 3383 739 3449 ll
754 3378 799 3438 tio
822 3379 987 3439 sanctissi-

236 3476 308 3519 mae
323 3463 334 3529 11
349 3458 435 3518 vitae
458 3460 531 3519 lesu
556 3459 692 3534 Christi,
712 3464 724 3530 11
744 3467 775 3519 et
796 3459 987 3519 benedictae

238 3539 365 3597 Passio·
380 3544 391 3608 11
407 3539 459 3597 nis
481 3540 563 3599 eius.
578 3546 590 3612 Η
606 3539 643 3600 Sl
660 3539 827 3600 desideras
842 3539 987 3616 perlecte

595 3651 636 3694 370
