2152 4174
239 411 988 520 mazam&

231 616 372 675 namque
387 599 526 658 vallatus
548 598 731 674 praesidiis,
751 608 816 660 tam
836 599 921 660 caris
944 600 993 660 in·

231 697 356 758 vocatis
370 696 526 773 patronis,
546 696 669 772 poteris
685 696 888 758 confidenter
902 697 991 758 diem

231 794 421 870 praestolari
451 793 586 854 ultionis
608 802 773 854 extremae
802 803 834 854 et
860 794 901 854 de
922 793 993 870 pie·

231 902 295 953 tate
316 891 544 969 benignissimi
569 891 749 952 Salvatoris
771 909 914 969 sperare.

208 999 222 1040 ⁵
272 989 420 1051 Obsecro
435 999 478 1064 te,
499 1005 628 1050 summe
643 999 675 1049 et
691 990 877 1050 venerande
894 991 993 1052 Pater

232 1087 364 1148 Domini
401 1087 464 1147 mei
497 1088 572 1148 lesu
604 1086 750 1163 Christi,
786 1088 914 1164 respice
951 1089 992 1149 ad

230 1184 410 1244 orationem
427 1183 514 1243 servi
536 1183 594 1258 tui,
617 1200 714 1259 quam
736 1184 794 1244 tibi
811 1186 908 1246 hodie
931 1204 993 1262 per

230 1298 347 1342 manus
369 1279 478 1340 dilecti
495 1279 566 1340 Filii
589 1279 635 1339 tui
658 1279 692 1340 in
715 1297 812 1342 cruce
835 1285 991 1360 suspensi

230 1379 398 1441 humiliter
420 1388 640 1454 repraesento.
684 1379 734 1438 Da
755 1378 835 1439 mihi
858 1381 991 1442 veniam

196 1489 221 1530 to
231 1477 270 1537 de
293 1475 445 1536 omnibus
466 1476 572 1552 culpis
593 1476 677 1537 meis
699 1478 904 1554 perpetratis,
925 1496 991 1540 nec

230 1574 326 1650 longe
357 1574 529 1635 subtrahas
560 1591 579 1633 a
609 1591 662 1634 me
691 1574 812 1634 donum
835 1575 992 1635 caelestis

230 1670 350 1747 gratiae
386 1687 493 1747 neque
528 1671 732 1748 gravioribus
767 1688 819 1732 me
855 1671 992 1747 patiaris
1062 1720 1063 1726 κ

230 1768 497 1846 temptationibus
519 1769 696 1846 periclitari
725 1784 834 1845 neque
862 1777 992 1843 pertur-

230 1866 397 1926 bationum
418 1865 561 1926 stimulis
583 1865 767 1942 inquietari.
804 1866 909 1925 Proba
923 1882 991 1942 me,

197 1979 221 2020 1⁵
231 1965 382 2040 Domine,
397 1973 430 2025 et
444 1972 566 2038 tempta
580 1980 643 2038 me,
658 1963 742 2023 sicut
757 1962 890 2024 noveris
905 1963 989 2023 mihi
1062 1989 1063 2014 r

231 2062 300 2122 lore
323 2061 412 2122 utile.
454 2061 689 2121 Verumtamen
711 2059 852 2120 animam
879 2077 989 2120 meam

229 2176 325 2219 serva
346 2169 379 2218 et
401 2158 451 2218 fac
474 2175 548 2218 cum
563 2157 776 2234 temptatione
793 2158 890 2218 talem
912 2174 990 2233 pro·

229 2267 374 2332 ventum,
396 2265 431 2316 ut
453 2273 570 2332 queam
600 2254 775 2315 sustinere.
818 2254 989 2317 Converte

231 2354 310 2415 mihi
343 2355 376 2414 in
407 2352 523 2414 salutis
554 2352 735 2413 remedium
765 2362 797 2412 et
818 2351 990 2428 amplioris

192 2467 219 2510 ao
228 2451 349 2527 gratiae
365 2451 614 2525 incrementum,
630 2449 717 2526 quod
731 2450 865 2510 dolosus
880 2451 989 2512 hostis

229 2547 356 2608 animae
387 2547 511 2623 paravit
549 2547 589 2607 ad
620 2546 810 2623 perniciem.
861 2546 988 2608 Adesto

229 2644 308 2704 mihi
324 2653 413 2704 tanto
430 2643 546 2704 lortius
569 2654 601 2704 et
616 2644 842 2720 propinquius,
864 2655 988 2721 quanto

228 2741 331 2817 magis
361 2758 493 2818 premor
522 2741 786 2802 tribulationibus
815 2750 847 2800 et
874 2740 988 2802 minus

228 2840 332 2899 habeo
354 2837 520 2900 confidere
542 2839 576 2898 in
598 2839 796 2900 hominibus.
825 2837 873 2899 Tu
896 2837 986 2898 enim

191 2937 261 3000 asin
303 2937 536 3014 angustissima
576 2937 774 2998 necessitate
809 2952 987 3012 permanes

229 3033 441 3094 fidelissimus
458 3035 593 3095 amicus.
628 3033 726 3111 Quod
748 3033 776 3093 si
798 3033 987 3109 probandus

229 3133 321 3193 luero
343 3142 375 3192 et
397 3132 435 3192 ad
458 3141 587 3208 tempus
610 3131 833 3192 consolatione
855 3129 985 3206 privan-

228 3230 306 3304 dus,
335 3239 413 3289 tunc
445 3229 588 3290 concede
619 3231 682 3289 hoc
713 3226 793 3288 mihi
823 3226 987 3304 patienter

228 3326 367 3388 sufferre
389 3344 426 3387 ac
448 3335 551 3387 totum
574 3343 658 3386 onus
686 3342 796 3386 meum
825 3324 882 3385 tibi
906 3324 986 3386 lide-

190 3425 302 3491 aoliter
331 3424 535 3485 committere
566 3441 628 3483 nec
658 3440 724 3483 non
755 3422 854 3483 huius
889 3422 985 3482 deso-

227 3523 310 3583 latae
332 3523 431 3583 horae
462 3521 622 3582 carissimi
655 3529 686 3582 et
716 3520 892 3598 gratissimi
926 3521 984 3583 lilii

589 3625 626 3667 170
