2152 4174
245 378 996 494 Quam&

239 569 325 630 loras
356 571 395 631 ad
425 570 599 648 imperium
632 571 726 633 Pilati
758 572 925 648 educitur,
959 584 1001 634 ut

238 667 434 729 miserabilis
456 668 528 729 eius
549 670 737 747 apparentia
765 671 892 732 cunctis
920 689 1000 748 pro-

237 767 372 842 paletur.
410 767 536 828 Revera
550 770 632 828 hacc
646 768 759 829 videre
778 769 911 830 miseria
932 781 1000 846 est,

237 864 379 942 cogitare
408 866 524 942 ingens
552 867 661 943 dolor;
690 867 830 943 compati
854 868 999 928 devotus

213 963 335 1041 sexigit
363 981 463 1025 amor.
510 965 593 1025 Ecce
622 963 767 1042 procedit
796 964 999 1041 patientissi-

236 1079 310 1122 mus
341 1079 377 1122 ac
409 1061 604 1123 mitissimus
634 1063 727 1122 Iesus
758 1063 798 1123 de
829 1065 997 1140 praetorio

236 1159 354 1220 iudicis
384 1170 517 1237 portans
547 1161 580 1221 in
612 1160 716 1238 capite
748 1177 808 1222 suo
844 1161 995 1237 spineam

236 1275 388 1318 coronam
411 1276 448 1318 ac
470 1275 669 1336 purpureum
693 1258 937 1336 vestimentum,
963 1259 993 1320 si

236 1357 319 1417 lorte
351 1357 441 1417 luror
468 1355 583 1433 perfidi
613 1355 723 1433 populi
755 1356 995 1434 aliquantulum

199 1465 225 1506 1⁰
235 1465 479 1516 commoveatur
507 1455 546 1514 ad
575 1453 813 1531 compassionis
836 1453 995 1516 affectum

234 1552 375 1613 videndo
404 1561 467 1612 tam
504 1551 682 1611 enormiter
711 1551 818 1628 ipsum
847 1552 995 1613 dehone-

234 1659 352 1710 statum
377 1659 409 1710 et
431 1649 598 1710 afflictum.
641 1649 705 1710 Sed
735 1651 799 1710 heu
826 1652 891 1711 heu
920 1669 996 1712 sae·

233 1747 279 1808 vit
314 1747 422 1808 acrius
450 1749 544 1808 turba
571 1747 728 1823 maligna3
764 1758 796 1809 et
831 1749 995 1811 clamante

233 1845 383 1922 praeside
409 1847 442 1906 in
464 1845 614 1923 publico:
645 1845 729 1905 Ecce
753 1845 869 1921 homo,
897 1848 995 1907 terri-

198 1942 331 2003 tsbilius
352 1943 399 2003 illi
422 1945 614 2004 reclamant:
643 1941 864 2020 Tolle‚,tolle,
886 1945 995 2005 cruci-

234 2040 294 2118 fige
316 2058 402 2102 eum.

274 2139 335 2200 His
367 2141 518 2200 omnibus
549 2139 667 2200 auditis
698 2149 730 2200 et
760 2141 800 2200 ad
830 2139 994 2202 interiora

231 2237 374 2300 reductis
397 2237 614 2299 contremisce
640 2245 672 2297 et
698 2238 881 2314 expallesce
910 2256 993 2314 prae

231 2335 397 2397 nimietate
419 2335 579 2410 dolorum,
602 2334 792 2395 fidelissime
809 2335 883 2395 Iesu
901 2351 993 2396 ama·

193 2441 290 2494 aetor.
336 2432 450 2494 Tunde
481 2442 612 2509 pectus,
645 2433 744 2493 funde
776 2431 927 2492 lacrimas
958 2444 995 2495 et

231 2539 402 2607 prosterne
429 2539 462 2590 te
491 2541 565 2592 ante
597 2540 808 2607 conspectum
841 2532 993 2592 coronati

231 2629 304 2688 lesu
327 2628 501 2706 imaginem
532 2628 618 2705 regis
647 2628 805 2705 gestantis
829 2638 861 2689 et
882 2629 993 2690 nihilo

229 2726 339 2787 minus
361 2725 447 2786 servi
464 2726 704 2803 despectissimi
727 2725 921 2787 confusione
937 2746 992 2788 re-

229 2824 317 2901 pleti.
369 2823 434 2900 Qui
480 2833 515 2883 ut
552 2824 591 2882 ab
626 2823 770 2900 appetitu
801 2823 990 2886 mundanae

191 2933 220 2977 as
228 2921 349 2998 gloriae
379 2922 559 2981 retraheret
588 2931 619 2982 et
647 2930 774 2998 pestem
805 2920 839 2980 in
870 2931 902 2981 te
932 2940 990 2984 su·

229 3019 359 3095 perbiae
382 3018 595 3095 extingueret,
620 3017 761 3078 horridis
782 3034 819 3078 se
841 3019 990 3080 subdidit

228 3132 406 3192 poenarum
429 3115 582 3176 miseriis.

269 3214 392 3275 Pudeat
407 3231 484 3290 ergo
499 3214 696 3273 mundanam
708 3213 826 3274 sectari
836 3215 988 3294 gloriam,
1061 3225 1062 3240 ³

227 3311 325 3371 homo
347 3311 483 3372 limosae
506 3311 726 3387 condicionis,
753 3329 826 3372 cum
849 3314 987 3375 nobilis·

190 3408 346 3470 rosimum
371 3405 502 3469 Domini
532 3418 627 3486 caput
652 3418 716 3469 tam
739 3409 914 3486 inglorium
938 3412 986 3473 vi-

227 3505 304 3565 deas
319 3506 476 3566 exhiberi.
506 3506 629 3566 Pudeat
644 3508 705 3567 sub
727 3507 854 3584 spinato
877 3510 985 3586 capite
