2144 4168
498 513 617 556 Aduotutio
631 515 715 557 critica.

228 664 396 741 stolorum)
415 666 491 741 γΒ,·
518 672 592 740 post
617 663 848 739 discipulorum
875 664 986 724 addo
1053 694 1054 706 1

228 763 250 805 a
281 745 365 820 iesu,
399 760 423 800 o
451 761 472 804 o
504 744 572 804 iesu
602 760 764 804 nazareno
789 745 986 820 redemptore

228 829 345 884 nostro.
387 841 408 884 s.
426 841 441 882 9
461 825 665 885 derelictione
689 841 746 884 seu
768 842 831 885 om.
854 847 878 885 ε.
923 826 986 885 Pro

228 905 433 965 derelictione
472 921 529 964 seu
569 904 771 965 desolatione
807 906 906 966 habet
943 905 985 972 *o

229 985 412 1045 troestelose
440 985 655 1060 gelotennelt,
686 986 729 1038 *r
756 985 986 1061 gltelatenheit.

229 1082 255 1124 14
274 1065 516 1141 spoponderunt
533 1089 558 1142 γ.
588 1081 617 1123 es
636 1081 731 1125 suurn
753 1083 817 1126 om.
832 1067 861 1126 b.
893 1069 987 1141 69,12

228 1147 311 1205 assit
323 1169 342 1203 π
356 1155 485 1221 praeter
499 1161 534 1217 n,
550 1146 637 1222 quod
652 1145 800 1222 recipere
816 1147 986 1207 debebam.

230 1242 255 1283 m
275 1230 408 1286 contro¹
428 1226 499 1302 (pro
517 1226 562 1297 in,
584 1226 671 1302 quod
687 1228 785 1287 habet
798 1229 847 1304 m)
862 1229 905 1298 B,
929 1227 986 1287 rel.

229 1323 293 1366 om.
334 1321 359 1364 21
382 1306 621 1381 dereliquerunt
647 1306 737 1378 νη,
766 1307 989 1381 relinquerunt

229 1387 294 1457 dle,
319 1386 507 1461 reliquerint
525 1387 579 1453 ‘on
620 1403 648 1443 24
669 1388 805 1447 ueritate
825 1393 858 1447 et
877 1403 988 1446 amore

228 1466 387 1540 quottidie
415 1489 439 1542 γ.
490 1468 547 1542 70,
573 1484 588 1524 o
619 1467 732 1526 ueniat
760 1468 906 1544 mi(c)lzi²
931 1466 986 1534 ῠξ.

227 1548 302 1621 71,ι
326 1547 471 1607 custodio
492 1547 563 1623 (pro
585 1547 741 1624 stabilivi)
762 1548 837 1616 sto,
870 1546 986 1608 eAnte

230 1626 363 1766 resplicio
391 1627 463 1768 effi
492 1631 595 1766 Ἀεὲνο3
615 1629 656 1686 Β.
697 1628 910 1704 simportot⁴
930 1628 986 1687 *m

230 1723 255 1764 ιο
305 1722 416 1766 menn
461 1753 469 1768 .
517 1752 525 1768 .

292 1821 386 1897 [Cap.
402 1821 486 1900 Vii.]
530 1840 563 1882 12.
584 1840 609 1881 13
631 1821 817 1884 Gratiarum
838 1821 927 1882 octio
947 1822 988 1881 de

224 1902 465 1976 presentatione
477 1918 511 1974 a,
532 1903 664 1963 Domini
678 1919 741 1962 om.
759 1904 789 1974 l»,
811 1900 941 1977 (Oratio
955 1903 986 1977 o)

227 1981 274 2041 De
291 1983 554 2057 praesentatione
573 1985 645 2044 iesu
665 1999 773 2043 corum
787 1982 885 2042 Anno
902 1987 936 2041 et
947 1982 988 2041 de

228 2062 339 2137 (super
355 2064 386 2138 o)
411 2064 618 2139 percussione
640 2064 709 2123 eius
731 2064 765 2123 in
787 2062 924 2122 maxilla
945 2064 986 2121 B.

230 2158 256 2200 ιθ
275 2144 420 2203 veredica
441 2146 497 2214 ot,
520 2161 538 2203 e
553 2161 618 2221 quo
632 2158 657 2197 a
671 2143 813 2204 correxit
826 2143 987 2212 veridico;

228 2223 369 2282 duriter⁵
386 2225 428 2283 B.
469 2241 497 2282 23
517 2225 581 2284 oris
603 2225 652 2284 tui
673 2247 703 2299 μ.
738 2226 787 2299 72,
807 2239 822 2280 2
842 2239 902 2283 cur
913 2222 985 2299 (pro

228 2302 308 2377 quid
316 2304 340 2380 ⁶)
360 2305 391 2357 A
417 2321 506 2364 maer
529 2320 634 2365 omme
658 2304 710 2363 *m
750 2303 855 2364 ssuis
883 2303 987 2364 moni·

229 2383 288 2442 bus
307 2399 359 2459 γε.
401 2401 426 2443 ro
446 2401 556 2445 amore
576 2385 647 2461 (pro
668 2386 800 2462 honore)
819 2385 847 2442 b.
888 2399 918 2442 as
938 2383 986 2443 in-

229 2463 454 2537 dignabundo⁷
477 2466 519 2524 Β,
560 2482 584 2522 si
615 2463 761 2526 aduersis
784 2463 893 2525 causis
914 2463 986 2539 (pro

228 2544 433 2621 adversariis)
453 2544 512 2604 εΣ.

229 2685 388 2693 *-

290 2761 299 2788 ¹
314 2759 384 2804 Exod.
402 2761 420 2814 1,
437 2762 474 2803 lo:
489 2764 601 2814 inaruerit
614 2769 697 2805 contra.
720 2762 785 2805 Verbi
800 2763 921 2812 ispanus·
935 2772 987 2802 cum

230 2815 255 2853 ln
269 2815 381 2856 coniuncti
396 2816 499 2869 exemplu
513 2820 536 2858 in
552 2817 670 2859 Forcellini
686 2818 756 2858 lexico
772 2825 833 2858 sunt.

292 2869 301 2894 ²
316 2867 355 2910 Ps.
369 2869 405 2920 35,
421 2869 457 2910 12:
473 2872 523 2910 Non
536 2872 611 2911 ventat
624 2872 680 2911 miili
689 2883 732 2921 pes
744 2871 869 2920 superbiae.

291 2921 374 2962 ³retro
395 2930 419 2964 ut
440 2923 491 2964 eddi
511 2932 596 2977 poterut
615 2925 665 2975 (cir.
687 2924 740 2967 Luc.
759 2924 785 2976 9,
804 2923 842 2964 62:
864 2922 988 2974 respiciens

228 2979 301 3025 retro,
320 2976 352 3018 id.
369 2975 401 3028 17,
415 2976 454 3017 31:
473 2979 551 3018 redeat
563 2979 642 3032 retro),
657 2980 687 3020 itu
701 2978 819 3020 adderetur
834 2987 927 3018 necesse
942 2986 987 3016 non

228 3037 275 3070 erut
290 3028 340 3078 (cir.
357 3027 403 3072 los.
417 3030 438 3082 8,
452 3029 496 3083 20).

257 3135 263 3177 ¹
288 3081 414 3176 ⁴miihenuni
436 3092 548 3126 nostrates
567 3085 644 3127 dicunt
663 3085 792 3136 ctnbm'npen
810 3095 851 3136 pro
870 3082 988 3132 cintrooun

227 3147 255 3177 ve
278 3148 293 3176 n
318 3149 367 3179 zen.

290 3199 347 3241 'De
366 3201 423 3242 imit.
444 3199 453 3241 i
474 3201 511 3253 13,
529 3222 550 3249 m
568 3209 590 3244 et
608 3200 712 3244 Sermon.
731 3201 758 3242 ad
773 3201 846 3241 novio.
861 3198 908 3245 'n
922 3209 944 3250 p.
959 3197 987 3239 51)

229 3262 272 3304 coi.
286 3261 308 3314 2,
322 3262 349 3304 25
364 3261 462 3304 'ihomae
477 3264 614 3318 autographa
628 3265 708 3306 hebent
722 3265 817 3304 dur-iter.
846 3260 871 3302 ln
887 3258 987 3302 Concor·

229 3316 312 3356 duniiis
323 3315 449 3358 BibiIorum
461 3316 557 3360 Parisiis
571 3318 620 3359 1611
635 3319 703 3360 editis
713 3319 769 3358 dure
779 3317 883 3364 noviens,
898 3315 989 3354 duriter

229 3369 299 3410 semei
314 3370 406 3411 obvium
421 3379 463 3412 est.

289 3422 375 3465 ⁶ioan.
392 3423 429 3476 18,
447 3425 486 3466 23:
506 3427 560 3476 quid
577 3438 611 3467 me
629 3426 719 3466 mediol
750 3423 825 3478 Quem
844 3434 870 3465 se
887 3421 987 3464 uendurn

229 3487 280 3518 esse
299 3476 366 3528 dum,
385 3489 435 3518 eum
455 3479 522 3520 etium
540 3480 627 3534 reliqua
645 3480 709 3522 iliius
723 3480 791 3521 verbu
809 3489 860 3520 cum
896 3487 923 3517 oe
938 3475 987 3517 ioco

228 3529 321 3571 omnino
335 3532 482 3574 consentiant.

290 3583 299 3610 1
314 3583 451 3633 indlpnando
465 3587 599 3637 gerundium
614 3594 657 3639 est,
672 3598 716 3629 uon
731 3587 890 3641 gerundivum.

584 3680 625 3722 430
