2152 4174
117 434 854 544 Qffiffismfflffi

109 624 253 684 timorem
290 623 414 682 inimici
451 623 538 682 hunc
569 621 697 681 titulum
730 621 857 697 legere:

109 722 197 781 lesus
229 720 422 781 Nazarenus
452 736 509 780 rex
542 719 744 779 Iudaeorum.
797 719 858 778 Fac

108 819 233 895 signum
257 828 389 878 sanctae
411 817 529 892 crucis
550 815 643 892 signa
665 815 804 875 irontem
827 824 859 874 ct

107 925 218 992 pectus
241 925 272 976 et
294 917 366 992 lege
387 916 505 976 devote
526 914 626 974 verba
653 913 737 973 tituli
760 913 859 973 huius

107 1022 137 1072 et
158 1013 282 1074 senties
303 1014 445 1073 notabile
461 1013 613 1072 iuvamen
635 1012 668 1071 in
692 1012 763 1071 loco
786 1012 882 1070 hor-⁵

106 1110 188 1170 roris
210 1119 242 1170 et
264 1111 378 1172 anxiae
400 1109 618 1171 necessitatis.
648 1109 731 1169 Nam
754 1108 859 1168 virtus

106 1207 231 1269 Christi
254 1217 287 1268 et
309 1207 391 1269 fides
412 1208 446 1269 in
465 1209 536 1268 Deo
559 1208 651 1269 lirma
672 1224 737 1267 non
760 1206 859 1282 patie-

103 1316 157 1367 tur
185 1316 218 1365 te
249 1305 425 1381 periclitari
457 1305 589 1366 salutari
621 1303 754 1364 nomine
784 1304 858 1363 lesu

102 1405 269 1464 invocato:
300 1405 393 1464 lesus
418 1403 609 1464 Nazarenus
639 1420 696 1462 rex
726 1402 858 1462 Iudaeo·

102 1518 185 1560 rum.
215 1501 432 1561 Dulcedinem
454 1500 553 1560 huius
575 1501 757 1577 dignissimi
773 1500 857 1560 tituli
870 1515 894 1556 to

101 1599 214 1660 nullus
229 1615 338 1659 sermo
354 1600 450 1674 plene
466 1598 639 1674 explicare,
661 1599 750 1658 nulla
764 1615 858 1658 mens

101 1696 226 1757 sufficit
248 1696 344 1773 digne
370 1695 529 1756 meditari.
573 1697 723 1774 Quatuor
750 1707 857 1757 autem

100 1795 202 1855 verba
231 1803 307 1854 sunt
336 1803 368 1854 et
389 1803 491 1854 toturn
521 1794 678 1854 mundum
705 1794 738 1853 in
760 1811 858 1854 venc-

99 1891 262 1952 rationem
285 1891 386 1951 divini
409 1893 552 1953 nominis
568 1894 699 1954 ducunt.
731 1893 857 1955 Omnes

99 2007 180 2067 crgo
202 1989 368 2066 principes
390 1991 520 2066 mundi,
549 2008 665 2051 omnes
692 1991 796 2052 tribus
826 2004 858 2053 et
869 2005 893 2048 1⁵

98 2086 225 2165 populi,
247 2087 365 2164 audite,
388 2089 485 2165 legite
501 2098 533 2149 ct
549 2089 662 2150 dicite:
685 2089 766 2166 Ave,
782 2091 857 2151 Iesu

99 2186 284 2260 Nazarene‚
306 2201 363 2246 rex
386 2187 589 2262 Iudaeorum,
611 2187 666 2263 qui
688 2204 806 2262 passus
821 2204 857 2249 es

96 2302 159 2361 pro
183 2285 288 2344 salute
310 2283 456 2344 omnium
479 2285 683 2360 populorum.

141 2381 173 2444 O
190 2383 265 2442 Iesu
281 2383 461 2457 Nazarene,
483 2382 544 2442 llos
559 2383 702 2442 candens
721 2382 857 2458 virginis

96 2480 239 2555 Mariae,
261 2478 340 2539 ofili
358 2480 463 2540 David
478 2480 599 2555 inclite,
614 2480 733 2539 summi
751 2479 892 2539 Patriszo

95 2576 288 2654 unigenite,
323 2577 430 2637 scribe
465 2577 560 2636 dulce
592 2585 624 2636 et
654 2577 855 2652 praeclarum

95 2691 224 2735 nomen
255 2683 346 2734 tuum
378 2673 411 2732 in
443 2672 551 2732 tabula
581 2672 689 2732 cordis
717 2671 781 2731 mei
805 2671 857 2731 lir-

95 2773 201 2832 miter
221 2781 253 2832 et
277 2771 421 2831 formose
451 2787 524 2830 cum
554 2786 646 2830 sacro
675 2779 707 2829 ct
738 2769 855 2829 illustri

93 2868 266 2947 passionis
287 2879 361 2928 tuac
384 2868 477 2929 titulo
493 2885 623 2927 causam
646 2867 761 2927 mortis
781 2878 856 2927 tuae

94 2967 303 3042 continente,
324 2976 359 3025 ut
380 2967 468 3025 hunc
491 2965 663 3041 diligenter
684 2964 892 3040 inspiciamzs

94 3076 130 3138 et
155 3066 196 3125 ad
219 3063 347 3124 laudem
366 3062 538 3122 reverendi
561 3062 704 3123 nominis
725 3062 771 3122 tui
795 3062 857 3121 ire·

94 3162 258 3240 quentius
289 3163 403 3237 legam.
456 3161 505 3221 Sit
535 3161 614 3220 milri
643 3160 764 3220 titulus
794 3159 857 3220 iste

94 3259 245 3322 cordiale
268 3259 414 3319 solamen
437 3258 470 3317 in
499 3258 663 3333 pressuris
692 3267 723 3317 et
745 3267 858 3317 contra

93 3356 351 3434 temptationum
367 3355 509 3431 impetus
519 3355 657 3415 munitio
673 3355 856 3431 singularis.

96 3455 247 3517 Recedat
269 3472 287 3514 a
308 3471 360 3513 me
383 3453 544 3530 malignus
565 3453 716 3529 spiritus,
746 3462 893 3529 pereatso

95 3551 390 3629 concupiscentiae
426 3561 553 3627 aestus,
588 3561 620 3611 et
655 3560 742 3611 totus
776 3551 856 3612 mihi

466 3656 504 3697 149
