2118 4180
236 427 981 538 mim-w

231 633 289 692 pro
325 617 474 691 exemplo
510 633 607 676 verae
645 615 859 675 subiectionis
894 615 986 675 nobis

232 714 416 774 exhibendo
434 713 599 773 subditum
621 723 653 774 te
676 712 833 790 legalibus
849 729 908 788 per
922 729 987 772 om·

232 810 286 870 nia
308 810 415 870 fecisti
438 809 606 872 institutis.
1043 799 1044 802 '

273 907 463 968 Honorifico
492 917 524 967 te
553 925 611 983 pro
640 908 848 969 beatissimae
876 907 987 966 matris

195 1015 305 1065 stuae
342 1005 524 1066 humilitate
559 1006 700 1066 maxima
739 1016 771 1066 et
811 1014 987 1080 spontanea

232 1102 436 1162 subiectione
452 1103 524 1163 eius
539 1104 600 1163 sub
611 1113 783 1179 praecepto
796 1103 891 1179 legis3
906 1119 987 1178 quae
1044 1141 1045 1146 κ

232 1217 306 1260 cum
330 1209 418 1260 esset
439 1200 530 1278 virgo
553 1210 665 1262 sancta
692 1201 725 1260 in
748 1211 840 1277 partu
862 1211 894 1261 et
917 1211 988 1277 post
1044 1183 1045 1194 ἵ

232 1307 369 1374 partum,
384 1314 450 1357 non
460 1307 570 1359 tamen
581 1298 743 1359 recusavit
754 1298 988 1374 purificationis

232 1395 401 1471 suscipere
424 1397 614 1457 remedium.

199 1510 223 1551 ro
274 1493 304 1554 Ο
341 1494 525 1570 gratissima
562 1495 700 1571 oblatio,
736 1513 756 1555 o
794 1493 988 1554 suavissima
1045 1561 1046 1570 χ

233 1592 429 1668 satisfactio,
453 1593 529 1669 quia
551 1593 662 1669 libera,
683 1593 759 1670 quia
780 1594 876 1669 plena
897 1601 930 1651 et
951 1592 989 1651 ab

234 1689 321 1750 omni
345 1690 439 1765 culpa
460 1691 575 1751 aliena.

274 1786 339 1847 Sed
360 1787 438 1863 quid
460 1787 611 1864 offeram,
639 1799 693 1849 aut
715 1789 792 1866 quid
815 1787 988 1848 retribuam

234 1885 290 1944 tibi
312 1885 453 1945 Domino
476 1903 560 1961 meo,
582 1903 640 1961 pro
658 1886 810 1946 omnibus
832 1901 915 1961 quae
936 1883 989 1944 tri-

200 1982 332 2042 rsbuisti
361 1982 469 2042 milri?
511 1982 541 2043 Ο
570 2001 666 2060 quam
696 1983 882 2043 necessaria
909 1981 988 2041 mihi
1046 2011 1047 2014 ¹

235 2089 323 2140 esset
351 2079 533 2156 purificatio
559 2097 617 2157 pro
647 2081 789 2157 peccatis
811 2079 990 2153 abluendis,

235 2195 330 2254 quam
359 2176 450 2237 utilis
478 2178 585 2238 debita
613 2178 791 2239 satisfactio
822 2195 880 2254 pro
905 2194 991 2237 com·

234 2276 356 2351 missis,
380 2277 435 2352 qui
457 2285 521 2336 tam
547 2276 781 2352 multiplicibus
803 2275 991 2352 inquinatus

235 2392 307 2434 sum
330 2384 537 2449 peccatorum
562 2374 723 2434 sordibus.

198 2488 225 2529 zo
276 2473 418 2549 Ideoque
447 2473 486 2532 ad
514 2482 546 2532 te
575 2472 730 2549 respicio,
756 2470 991 2547 benignissime

236 2570 376 2630 Domine
400 2570 474 2629 lesu
497 2569 645 2645 Christe,
667 2587 774 2645 orans,
800 2579 835 2630 ut
859 2587 991 2645 prome

235 2667 379 2744 digneris
401 2666 590 2727 satisfacere
613 2678 645 2727 et
666 2677 721 2727 tua
741 2667 917 2742 purissima
938 2668 991 2726 ob-

235 2764 355 2824 latione
377 2774 494 2824 cuncta
514 2774 646 2840 peccata
665 2782 737 2825 mea
752 2766 895 2840 abluere,
916 2782 992 2841 qua-

235 2872 331 2923 tenus
359 2864 516 2938 templum
546 2864 697 2924 caelestis
728 2863 902 2924 habitaculi
927 2880 993 2923 me·

199 2978 309 3021 zsrear
338 2962 480 3021 mundus
511 2971 543 3022 et
575 2961 765 3036 purificatus
800 2957 929 3038 ingredi
962 2971 993 3022 et

236 3075 357 3118 nomen
388 3068 535 3118 sanctum
572 3068 662 3118 tuum
695 3060 826 3119 laudare
857 3059 890 3118 in
922 3076 992 3135 per-

236 3165 380 3231 petuum.

277 3252 344 3313 Ora
374 3271 504 3331 quoque
535 3272 593 3330 pro
624 3272 696 3329 me,
731 3264 765 3314 tu
797 3264 900 3313 mater
932 3253 991 3312 Dei

236 3352 329 3426 alma,
343 3352 485 3428 gloriosa
500 3352 590 3428 virgo
606 3353 720 3428 illaria,
741 3363 774 3412 ut
792 3352 993 3413 dimittantur

201 3449 316 3519 30mihi
339 3458 471 3525 peccata
491 3467 574 3524 mea,
596 3460 631 3511 ut
653 3452 747 3510 detur
761 3450 841 3510 mihi
864 3460 992 3526 tempus

237 3546 454 3623 paenitentiae
476 3557 508 3607 et
524 3547 652 3608 firmum
669 3548 906 3609 emendationis
922 3565 992 3624 pro·

601 3652 628 3694 aa
