2142 4172
218 613 405 690 passionem
428 613 536 674 crucis
557 622 613 673 tuo
636 614 785 689 exemplo
803 614 976 689 roborasti,

219 712 394 771 iohannem
423 728 520 787 vero,
548 711 703 772 iuvenem
733 711 906 787 dilectum,
935 711 975 772 ad

218 809 332 870 altiora
352 817 385 869 et
406 808 537 869 utiliora
557 809 718 870 ecclesiae
746 817 878 870 sanctae
905 826 975 886 my·
1058 811 1059 870 l

218 906 318 967 steria
339 907 486 967 docenda
509 916 542 967 et
563 907 736 967 scribenda
764 906 919 968 distulisti
943 918 975 968 et

195 1006 251 1066 sin
274 1005 369 1082 longa
390 1015 537 1081 tempora
557 1022 616 1081 pro
645 1004 767 1064 solacio
795 1005 972 1065 multorum

219 1101 363 1163 fidelium
405 1103 540 1179 provida
581 1102 701 1178 pietate
744 1104 973 1178 praeservasti.

219 1200 343 1261 Idcirco
367 1200 463 1260 Petro
485 1184 526 1261 de
543 1200 697 1260 Iohannis
720 1200 784 1260 fine
802 1202 972 1277 quaerenti

217 1297 361 1356 breviter
382 1297 596 1374 respondisti:
626 1297 680 1358 Sic
709 1315 785 1359 eum
807 1299 883 1359 volo
908 1317 973 1359 ma-

217 1411 296 1454 nere
318 1395 351 1454 in
374 1412 510 1471 corpore
532 1396 571 1456 ad
593 1394 772 1456 doctrinam
798 1395 900 1455 totius
922 1413 974 1456 ec·
1058 1407 1059 1436 ³

184 1492 337 1555 roclesiae
359 1503 391 1553 et
407 1493 583 1569 specialem
600 1511 710 1554 curam
733 1494 848 1555 matris
869 1510 974 1568 meae,

217 1609 312 1668 quam
344 1592 374 1652 ei
406 1592 631 1653 commendavi
663 1593 696 1652 in
729 1607 836 1653 cruce.
879 1592 974 1666 Volo,

216 1698 251 1748 ut
272 1689 328 1749 diu
349 1689 437 1750 vivat
459 1699 491 1750 et
506 1691 625 1751 scribat
640 1689 799 1750 altissima
813 1689 973 1766 quaedam
1058 1695 1059 1698 ’

216 1787 256 1846 de
287 1787 457 1848 divinitate
488 1805 560 1848 mea
595 1797 628 1848 et
663 1789 703 1848 de
738 1787 975 1862 incamatione‚

216 1884 369 1960 passione
391 1894 424 1945 et
452 1885 710 1961 resurrectione,
740 1893 836 1961 prout
867 1885 974 1945 oculis
1058 1927 1059 1934 κ

183 1983 296 2046 isvidit
324 1993 356 2043 et
384 1983 507 2044 audivit
529 2001 569 2045 ex
598 2000 655 2044 ore
683 2000 757 2044 meo
785 1983 880 2042 valde
911 1983 974 2043 fre-

216 2090 365 2156 quenter,
387 2082 491 2142 donec
507 2081 635 2142 veniam
658 2083 697 2142 ad
720 2098 795 2142 eum
817 2098 974 2157 persona·

216 2177 290 2237 liter
311 2187 343 2238 et
364 2179 541 2255 suscipiam
564 2196 639 2239 eum
662 2179 700 2239 ad
716 2196 769 2239 me
783 2179 973 2256 gaudenter.

218 2275 305 2352 Quid
321 2277 384 2336 hoc
399 2277 439 2337 ad
459 2286 501 2353 te,
525 2277 648 2336 Petre?
677 2275 723 2336 Tu
746 2294 799 2337 me
814 2294 974 2354 sequere;

217 2392 432 2451 sequererne
457 2391 588 2435 crucem
617 2373 811 2436 sustinendo
840 2384 974 2451 propter
1058 2369 1059 2402 ³

145 2454 151 2468 ’
180 2489 286 2547 nome,
314 2472 390 2550 quia
417 2490 476 2549 pro
505 2472 645 2533 maximo
674 2473 799 2533 honore
827 2482 883 2533 tuo
912 2482 974 2548 est,

216 2569 244 2629 si
267 2586 384 2645 passus
407 2569 510 2630 fueris
531 2587 590 2646 pro
615 2586 667 2630 me
689 2569 788 2630 simili
811 2578 916 2630 morte
938 2569 972 2630 in

217 2684 324 2728 cruce.

259 2765 320 2824 His
343 2766 438 2826 dictis
460 2775 492 2826 et
513 2765 648 2842 pacifice
663 2764 821 2826 ordinatis
844 2764 972 2826 linitum

217 2872 267 2922 est
288 2862 475 2924 convivium
499 2864 683 2940 corporale,
710 2863 767 2923 sed
789 2880 855 2923 non
877 2861 973 2938 spiri-

181 2961 320 3036 etune,
351 2962 437 3038 quod
469 2961 588 3021 melius
619 2959 760 3021 sentitur
789 2959 822 3020 in
854 2960 973 3021 devota

217 3058 427 3119 meditatione
455 3067 488 3119 et
516 3059 662 3119 oratione
691 3074 787 3135 quam
819 3057 853 3117 in
876 3057 972 3134 longa

219 3155 426 3217 fabulatione.
671 3227 682 3246 .

259 3252 406 3314 Obsecro
442 3263 474 3315 te
509 3271 613 3329 nunc,
648 3252 796 3329 piissime
829 3253 971 3314 Domine

219 3350 293 3410 Iesu
316 3350 467 3428 Christe,
496 3351 617 3428 optime
639 3349 765 3411 medice
787 3350 973 3428 languentis

180 3450 354 3523 mammae,
377 3458 411 3508 ut
425 3449 510 3510 inter
524 3450 632 3510 varios
648 3450 766 3510 fluctus
781 3458 813 3509 et
833 3457 972 3509 eventus

217 3546 316 3606 huius
346 3546 463 3606 llebilis
484 3547 569 3607 vitae
600 3565 692 3606 meae
724 3563 776 3606 me
806 3547 972 3623 guhemes

574 3651 616 3693 aas
