2142 4172
229 664 417 725 hominibus
440 674 527 725 recte
554 674 586 726 et
609 667 693 726 bene
715 666 867 742 disponit.
911 668 985 728 Non

229 778 306 840 ergo
327 763 476 823 turbetur
497 762 629 839 ignarus
644 764 684 824 de
703 764 797 825 lactis
814 765 887 824 lesu
910 782 985 825 cum

229 859 399 935 discipulis
429 860 499 920 suis
530 877 591 921 nec
622 860 809 938 indignetur
839 863 985 939 apostolo

228 968 351 1034 sancto,
365 958 421 1034 qui
439 958 529 1018 tarde
545 959 691 1034 credidit,
707 959 793 1036 quia,
809 961 896 1036 quod
913 962 983 1021 Deo

206 1055 436 1132 spermittente
467 1055 528 1115 sibi
561 1057 693 1132 accidit,
729 1057 863 1118 cuilibet
892 1058 983 1118 alteri

229 1154 377 1215 accidere
399 1154 569 1231 potuisset.

269 1251 417 1313 Obsecro
439 1261 471 1312 te
493 1251 591 1329 igitur
608 1271 705 1329 nunc,
727 1254 984 1324 clementissime

230 1350 303 1410 lesu
320 1350 465 1426 Christe,
481 1350 630 1411 visitator
644 1351 845 1412 inclusorum
862 1361 894 1413 et
909 1370 984 1412 con·

228 1447 363 1509 fortator
375 1448 573 1525 timidorum,
588 1449 983 1526 instructorparvulorum
1055 1523 1056 1536 ἦ

194 1563 218 1605 ro
228 1553 260 1605 et
274 1544 445 1621 maiorum,
466 1546 563 1606 visita
577 1546 674 1606 etiam
688 1563 741 1606 me
756 1546 789 1606 in
806 1547 888 1607 cella
909 1547 985 1607 soli-

228 1640 308 1702 tarie
323 1651 520 1718 manentem,
538 1643 723 1703 studentem
739 1653 771 1704 et
786 1644 983 1705 scribentem

228 1748 283 1798 aut
313 1757 387 1800 cum
418 1739 491 1800 aliis
523 1740 557 1800 in
588 1743 688 1801 choro
723 1742 916 1818 psallentem
952 1753 985 1803 et

229 1845 385 1897 orantem.
427 1836 527 1913 Aperi
556 1837 635 1897 mihi
664 1838 793 1898 ianuam
817 1839 903 1901 vitae
932 1858 984 1902 ae·
1055 1863 1056 1872 ¹

229 1944 358 2010 ternae,
386 1936 534 1997 illumina
557 1938 709 1998 tenebras
737 1938 857 1998 mentis
881 1954 985 2012 meae,

196 2032 306 2110 refuga
333 2034 509 2095 daemones
538 2052 590 2095 me
614 2044 826 2113 temptantes,
858 2036 985 2112 expelle

230 2131 417 2206 phantasias
438 2132 544 2192 varias
565 2132 745 2208 irruentes,
766 2133 850 2192 intra
870 2133 910 2192 ad
932 2150 985 2193 me

229 2238 356 2289 secrete
385 2229 505 2290 clausis
531 2230 611 2290 loris
639 2230 744 2291 oculis
772 2230 918 2306 corporis
953 2241 985 2291 et

229 2344 269 2387 ex
284 2337 339 2386 tua
351 2328 535 2403 praesentia
549 2345 661 2404 pacem
678 2337 711 2388 et
725 2327 878 2388 laetitiam
894 2329 983 2388 cordi

229 2442 303 2484 meo
325 2425 461 2486 infunde
491 2435 523 2486 et
551 2426 584 2485 in
613 2425 842 2487 remissionem
872 2443 985 2502 pecca·

192 2531 335 2586 autorum
364 2539 512 2583 meorum
542 2532 748 2583 sacrosancta
769 2523 905 2583 vulnera
930 2533 986 2584 tua
1055 2579 1056 2606 p

229 2620 262 2680 in
293 2621 408 2696 spiritu
438 2621 517 2681 mihi
548 2622 702 2697 ostende,
733 2638 816 2698 quae
845 2638 903 2698 pro
932 2637 986 2680 me

228 2735 345 2794 passus
374 2735 410 2778 es
439 2718 472 2777 in
502 2735 598 2778 cruce
628 2727 660 2779 et
684 2718 803 2795 quibus
831 2735 884 2778 me
913 2718 985 2778 red·

229 2815 335 2876 emisti
367 2817 406 2876 ab
435 2825 567 2877 aeterna
594 2827 698 2878 morte
727 2835 766 2878 ex
791 2834 881 2877 mera
904 2815 985 2875 cari-

228 2921 292 2973 tate
307 2915 477 2975 moriendo
492 2924 524 2976 et
538 2915 656 2975 iterum
675 2915 885 2993 resurgendo.
916 2914 982 2991 Qui

192 3025 302 3069 ascum
326 3010 421 3070 Patre
443 3019 503 3071 etc.
