2194 4180
250 387 995 498 Qunam&

514 600 565 660 Ad
585 601 724 660 dorsum.

282 717 310 780 0
333 715 607 794 patientissimum
623 716 756 776 dorsum
774 714 907 775 Domini
929 713 996 775 mei

242 814 317 874 lesu
340 812 483 889 Christi,
512 813 598 890 quod
620 822 805 890 promptum
835 813 896 874 iuit
923 829 998 889 por·

241 920 309 972 tare
338 911 461 988 lignum
483 910 570 971 vitae
598 921 630 972 et
658 911 768 972 omnia
788 920 998 988 peccatorum

218 1026 342 1070 sonera
352 1009 425 1069 sine
436 1008 702 1085 contradictione,
717 1009 888 1086 perferens
898 1007 997 1068 etiam

241 1107 437 1168 durissimos
468 1106 553 1166 ictus
585 1106 804 1183 flagellorum,
835 1106 933 1167 adoro
966 1114 998 1165 te

242 1205 359 1266 devote
380 1214 413 1265 et
428 1205 560 1265 osculor
574 1221 705 1265 morose
726 1221 824 1265 orans
844 1203 925 1264 mihi
948 1220 999 1263 re·

242 1303 336 1379 mitti,
351 1302 505 1379 quotiens
519 1303 630 1364 minus
640 1302 802 1379 patienter
810 1299 1000 1380 gravamina

242 1399 446 1460 imminentia
466 1400 596 1476 pertuli.
637 1398 709 1460 Ave
732 1398 846 1459 Maria.

209 1577 234 1618 1o
521 1558 572 1618 Aa
593 1575 717 1618 monus.

284 1670 322 1750 O¹
333 1673 539 1734 venerabiles
554 1689 672 1733 manus
687 1672 819 1733 Domini
841 1671 906 1734 mei
924 1673 1001 1734 Iesu

245 1769 370 1830 Christi
392 1770 425 1830 in
448 1787 546 1832 cruce
561 1770 691 1847 longius
705 1780 860 1831 extensae
881 1779 914 1830 et
937 1769 1004 1831 fer·
1095 1805 1096 1812 κ

244 1866 310 1927 reis
333 1867 435 1928 clavis
455 1868 580 1946 grossis
600 1867 795 1945 perforatae,
818 1867 917 1928 adoro
939 1883 1004 1929 vos

245 1965 385 2026 fideliter
406 1977 439 2027 et
466 1968 599 2027 osculor
626 1964 869 2026 lacrimabiliter
888 1974 1006 2041 postu-

210 2076 235 2117 ιε
244 2063 316 2123 lans
331 2063 364 2123 in
380 2081 433 2124 me
449 2063 601 2140 abstergi,
623 2061 781 2140 quidquid
796 2061 910 2123 illicito
926 2072 1004 2124 actu
1094 2131 1095 2138 χ

243 2160 296 2220 vel
319 2171 469 2222 contactu
491 2160 685 2239 perpetravi.
727 2160 799 2222 Ave
821 2159 935 2220 Maria.

525 2319 576 2380 Aa
593 2323 715 2395 pectus.

287 2443 317 2506 Ο
346 2443 600 2505 mundissimum
628 2453 745 2520 pectus
774 2443 905 2506 Domini
934 2445 1006 2505 mei

244 2541 319 2603 lesu
342 2542 479 2618 Christi,
507 2542 541 2603 in
563 2559 628 2619 quo
650 2543 740 2602 nulla
761 2541 851 2601 labes
873 2542 1003 2618 peccati

206 2638 305 2700 aoiuit
325 2655 388 2700 nec
410 2639 531 2700 intrare
553 2637 675 2715 potuit,
696 2653 797 2715 super
817 2637 903 2715 quod
925 2638 1005 2698 bea-

243 2746 297 2798 tus
319 2736 484 2798 Iohannes
506 2737 674 2812 apostolus
696 2736 729 2796 in
745 2753 826 2796 cena
840 2737 1006 2813 recubuit,

243 2833 342 2893 adoro
372 2842 404 2893 te
435 2833 565 2895 sincere
596 2843 628 2894 et
659 2835 791 2895 osculor
819 2833 1005 2895 affectuose

244 2930 424 3007 deprecans
446 2931 479 2991 in
498 2948 552 2992 me
567 2932 664 3008 plene
679 2930 820 3009 purgari,
841 2931 1005 3008 quidquid

243 3026 375 3087 sordida
395 3028 591 3104 cogitatione
613 3030 768 3091 contraxi.
796 3028 868 3090 Ave
883 3029 1005 3091 Maria.
1092 3012 1093 3029 ¹

207 3201 234 3243 25
518 3187 570 3247 Ad
590 3189 718 3248 collum.

285 3308 313 3371 0
337 3309 508 3370 candidum
525 3320 557 3370 et
572 3311 781 3372 macilentum
798 3311 917 3371 collum
935 3311 1007 3372 Do—

244 3405 323 3466 mini
346 3406 410 3467 mei
434 3405 508 3468 lesu
532 3407 657 3468 Christi
688 3407 773 3468 iame
800 3425 836 3468 ac
859 3407 912 3467 siti
936 3406 1007 3468 ire-

243 3513 383 3579 quenter
403 3513 630 3581 extenuatum,
660 3523 837 3582 numquam
867 3505 1007 3568 curiose

602 3611 644 3652 ooo
