2194 4180
116 599 195 650 runt
216 607 341 650 omnes.
386 591 452 650 lam
475 591 514 650 ad
537 608 629 668 spem
646 591 761 652 veniae
784 608 876 651 revo-

116 700 207 766 cate3
237 689 295 750 sed
333 687 508 765 praecipue
546 688 644 749 dicite
675 690 789 764 Petro,
820 689 875 766 qui

116 804 195 849 eum
217 795 267 847 ter
288 785 418 862 negavit
440 795 472 846 et
494 795 626 862 propter
652 788 714 846 hoc
744 785 876 846 amaris-

117 885 203 946 sime
226 885 305 944 llere
327 900 392 944 non
419 893 544 959 cessat,
574 901 616 944 ne
645 883 787 957 diffidat,
817 883 876 944 sed

118 983 161 1043 de
183 998 298 1058 magna
319 991 351 1041 et
372 982 467 1043 solita
494 982 613 1059 pietate
636 983 710 1043 lesu
739 982 901 1058 saepiuss

118 1079 182 1141 sibi
199 1088 331 1139 ostensa
345 1079 495 1155 confidat,
516 1080 592 1157 quia
602 1080 699 1141 hodie
710 1097 768 1157 pro
784 1088 873 1139 certo

118 1195 197 1238 eum
220 1176 342 1237 videbit
363 1186 396 1236 et
417 1176 531 1238 intime
546 1178 707 1255 gaudebit.
740 1178 876 1238 Narrate

120 1275 153 1336 ei
176 1274 294 1345 omnia,
316 1292 400 1351 quae
422 1275 560 1336 audistis
582 1285 614 1337 et
636 1274 774 1349 vidistiS,
803 1275 879 1352 quia

119 1390 201 1435 vere
223 1372 364 1434 surrexit
386 1372 419 1432 in
442 1374 502 1432 hac
524 1382 621 1433 nocte
638 1373 800 1433 Dominus
822 1390 879 1433 no-

122 1481 194 1532 ster
216 1473 309 1532 lesus
331 1470 497 1532 Christus.
890 1489 916 1530 ro

164 1568 322 1630 Osancte
339 1569 446 1644 Petre,
468 1585 563 1628 cessa
584 1568 646 1628 iam
670 1568 760 1643 llere,
782 1585 879 1644 surge

121 1666 189 1728 cito
211 1676 242 1726 et
264 1665 352 1741 veni,
374 1682 469 1726 curre
492 1683 566 1726 curn
588 1675 702 1726 sancto
726 1665 880 1740 Iohanne,

120 1764 208 1824 intra
234 1773 482 1823 monumentum
512 1780 629 1824 secure
659 1773 690 1824 et
719 1763 793 1823 vide
823 1762 880 1822 ibi·

122 1863 199 1923 dem
221 1860 412 1922 linteamina
435 1869 467 1921 et
489 1860 656 1921 sudarium
673 1861 747 1920 lesu
763 1860 880 1921 iacere.

125 1958 237 2021 Crede
259 1960 448 2035 angelorum
472 1959 593 2035 verbis,
621 1959 676 2036 qui
699 1959 811 2019 dicunt
834 1959 917 2019 le-15

124 2074 200 2117 sum
212 2055 434 2116 resurrexisse
446 2065 478 2116 et
488 2055 600 2117 vivere
611 2066 644 2117 et
654 2057 687 2117 in
700 2056 879 2119 Galilaeam

124 2154 212 2214 velle
234 2151 374 2213 transire
396 2162 429 2212 et
444 2152 615 2228 discipulis
630 2153 701 2214 suis
715 2171 881 2230 apparere.

126 2251 245 2314 Gaude
261 2259 293 2310 et
308 2251 475 2326 congaude
488 2251 635 2326 Christo,
650 2260 762 2311 sancte
775 2251 882 2325 Peme,

125 2364 256 2409 summe
286 2356 397 2424 pastor
427 2347 606 2424 ecclesiae,
637 2347 713 2425 quia
741 2347 882 2407 surrexit

125 2448 234 2508 bonus
255 2454 376 2522 pastor,
398 2445 452 2522 qui
476 2462 534 2521 pro
557 2454 589 2505 te
618 2455 650 2505 et
671 2445 788 2505 ovibus
811 2444 917 2505 suisau

127 2542 211 2604 mori
240 2542 390 2619 dignatus
421 2553 471 2604 est
501 2543 534 2603 in
566 2560 673 2604 cruce.
715 2542 744 2604 O
777 2541 882 2603 dulcis

128 2640 301 2718 responsio
323 2657 363 2700 ex
386 2657 442 2701 ore
464 2641 569 2718 angeli
593 2641 631 2700 ad
647 2639 881 2700 consolandum

129 2739 229 2800 corda
250 2736 475 2799 tribulatorum
499 2747 531 2798 et
552 2738 689 2798 dandam
715 2753 806 2814 spem
830 2753 883 2796 ve·
937 2775 939 2782 ι

129 2836 203 2898 niae
226 2835 453 2912 peccatoribus
468 2836 618 2912 exemplo
639 2835 724 2896 beati
742 2835 829 2896 Petri
852 2846 883 2896 et

129 2936 307 2996 multorum
330 2933 467 2993 aliorum
490 2943 695 3010 sanctorum,
723 2933 778 3011 qui
811 2944 883 3010 post
893 2950 920 2990 25

129 3034 256 3110 lapsum
303 3030 455 3091 fortiores
500 3040 722 3091 surrexerunt.
780 3031 884 3091 Bene-

130 3129 237 3190 dictus
273 3129 381 3202 Deus,
423 3126 478 3203 qui
521 3143 586 3186 non
622 3126 744 3187 deserit
786 3125 885 3185 tribu·

129 3227 213 3287 latos
237 3225 334 3285 corde
364 3233 396 3284 et
423 3225 566 3284 humiles
591 3224 707 3300 spiritu
730 3225 832 3284 salvat
853 3234 885 3285 et

130 3321 292 3382 confortat
326 3321 359 3381 in
395 3321 475 3396 lide,
510 3321 565 3398 qui
600 3322 725 3382 nullum
758 3331 886 3398 praeter

131 3420 238 3498 ipsum
268 3420 374 3480 solum
406 3428 566 3496 quaerunt
596 3435 658 3479 nec
689 3419 800 3479 videre
831 3419 922 3479 de-ao

131 3518 284 3578 siderant.
