2142 4172
243 438 1000 558 &Quaem

240 630 395 690 creatoris
417 631 467 690 sui
484 641 624 708 cessant,
646 633 722 709 quia
737 633 858 710 Spiritu
880 647 997 696 sancto

238 727 326 803 pleni
349 727 477 788 fervent
498 746 624 805 amore,
654 729 777 808 fulgent
800 733 898 793 niveo
920 751 998 794 can-

239 825 334 901 dore,
361 826 501 903 fragrant
522 828 697 888 aromatico
719 829 835 906 odore,
864 840 997 892 cantant

238 922 394 1000 hilariter,
416 925 552 1001 tractim,
574 926 727 988 suaviter.
768 928 919 988 intonant
940 947 997 1005 pa·

215 1019 332 1096 ariter,
354 1021 466 1083 iuvant
488 1024 623 1100 fortiter,
647 1036 783 1101 pausant
804 1027 994 1104 aequaliter,

237 1117 373 1180 iubilant
416 1121 616 1196 amabiliter,
664 1122 804 1199 gaudent
853 1125 994 1185 delecta·

236 1216 354 1293 biliter,
376 1219 537 1279 excedunt
558 1229 663 1280 semet
684 1220 773 1296 ipsos
794 1221 828 1281 in
851 1222 923 1283 Deo
947 1223 994 1283 in-

238 1314 421 1376 effabiliter.

277 1411 361 1488 Quis
390 1430 467 1490 ergo
495 1414 614 1490 poterit
635 1415 809 1476 dormitare
833 1416 868 1476 in
891 1420 992 1479 choro

202 1529 227 1572 ro
236 1526 312 1585 prae
334 1511 440 1571 taedio
462 1522 597 1588 pensato
619 1522 683 1573 tam
707 1513 794 1573 felici
821 1525 853 1574 et
874 1533 993 1594 magno

235 1608 351 1684 gaudio
380 1610 569 1686 angelorum
598 1610 772 1672 incaelo?
814 1612 900 1689 Quis
927 1630 992 1673 non

235 1706 404 1782 evigilaret
433 1726 473 1768 ex
504 1708 690 1770 resonantia
720 1709 912 1771 caelestium
943 1728 994 1770 or·

234 1821 391 1880 ganorum
420 1815 454 1866 et
481 1808 655 1867 concordia
684 1808 861 1869 multorum
891 1809 993 1869 musi·

234 1919 347 1963 corum
359 1904 456 1964 simul
470 1905 670 1966 canentium:
687 1905 835 1982 Sanctus,
848 1916 993 1981 sanctus

201 2010 367 2061 issanctus
395 2017 454 2077 per
480 2001 588 2060 omnia
610 2001 740 2061 saecula
757 2002 994 2062 saeculorum?

214 2100 295 2177 ‚Vbi
319 2099 469 2160 cardines
497 2099 578 2160 caeli
608 2117 648 2160 ex
676 2101 740 2160 alto
769 2100 912 2160 clamore
938 2117 998 2160 ans

233 2198 380 2274 gelorum
416 2208 608 2274 moventur,
644 2198 796 2259 homines
827 2198 912 2258 viles
949 2207 995 2258 ta·
1054 2279 1055 2282 Ἴ

234 2295 380 2355 cebant?
409 2295 549 2372 Quando
564 2295 689 2371 lapides
704 2295 855 2356 caelestis
877 2294 993 2371 templi
1054 2309 1055 2376 ξ

234 2394 383 2468 clamant,
405 2403 437 2452 et
458 2393 591 2453 ordines
611 2410 730 2453 novem
751 2394 821 2454 Deo
844 2392 993 2467 iubilant,
1054 2391 1055 2468 3

197 2491 384 2551 aomonachi
407 2501 439 2551 et
457 2491 617 2551 moniales
632 2491 877 2551 dormitabunt?
906 2491 994 2552 Ecce

234 2589 283 2649 sol
305 2601 337 2649 et
358 2590 435 2648 luna
456 2589 595 2649 lucendo
612 2589 683 2649 Deo
705 2588 863 2664 serviunt,
884 2597 917 2648 et
930 2605 993 2648 vos

234 2687 429 2749 dormietis?
477 2687 580 2748 Absit.
631 2687 787 2764 Evigilate
818 2686 913 2761 iusti,
949 2686 993 2746 ait

232 2786 347 2846 beatus
370 2785 500 2860 Paulus,
522 2795 555 2846 et
575 2785 676 2845 nolite
698 2801 844 2861 peccare.
879 2784 992 2844 Nolite

233 2883 407 2943 dormitare
428 2900 536 2961 neque
551 2883 694 2961 pigritari
711 2900 818 2960 neque
833 2881 992 2943 festinare

196 2997 341 3058 asneque
376 2981 582 3056 discordare,
619 2981 678 3041 sed
709 2998 783 3040 cum
814 2980 904 3040 omni
941 2997 992 3040 re·

232 3079 380 3139 verentia
401 3088 433 3138 et
455 3078 627 3139 devotione
650 3087 732 3138 state
754 3087 787 3138 et
808 3087 936 3137 cantate
958 3087 992 3137 et

233 3177 272 3236 ad
287 3176 414 3236 laudem
432 3175 493 3235 Dei
511 3175 635 3235 hostias
649 3174 896 3235 vociferationis
914 3192 990 3234 cum

232 3274 406 3352 gratiarum
435 3273 562 3333 actione
584 3273 789 3333 concorditer
812 3272 991 3332 immolate.

234 3373 344 3432 Placet
372 3370 460 3430 enim
483 3371 554 3431 Deo
575 3370 717 3431 iucunda
740 3369 899 3429 labiorum
922 3369 991 3429 lau-

196 3469 336 3544 aodatio‚
363 3469 391 3528 si
420 3485 558 3530 concors
587 3479 638 3528 est
658 3485 721 3528 vox
743 3467 823 3527 foris
844 3477 878 3527 et
900 3467 990 3528 intus

233 3583 332 3641 purae
360 3566 480 3626 mentis
502 3567 645 3627 attentio.
688 3566 772 3625 Nam
796 3565 918 3641 optima
940 3566 989 3625 iu·

591 3669 633 3712 ast
