2194 4180
132 626 165 688 Ο
208 627 448 689 lucidissimum
498 638 530 688 et
572 629 848 705 perfectissimum

89 724 261 800 exemplar
288 725 435 785 omnium
458 725 614 786 virtutum
637 735 669 786 et
691 727 849 787 bonarum

89 822 320 898 operationum
370 823 551 900 praemium
599 824 850 900 interminabile,

89 920 169 979 lesu
192 919 338 996 Christe,
360 921 442 981 caeli
464 932 496 981 et
523 931 630 981 terrae
658 922 850 997 dominator,

88 1017 196 1094 dirige
231 1018 407 1079 universos
443 1028 534 1079 actus
565 1036 658 1079 meos
688 1019 721 1079 in
752 1020 873 1085 bene-5

87 1115 211 1190 placito
225 1124 282 1176 tuo
298 1126 331 1176 et
344 1116 465 1176 mentis
480 1116 693 1192 cogitationes
715 1116 851 1193 purifica

87 1221 120 1273 et
144 1213 283 1274 illustra.
327 1215 417 1275 Doce
439 1231 493 1274 me
514 1213 626 1274 omnia
652 1231 752 1291 opera
778 1232 850 1275 mea

87 1311 128 1369 ad
152 1311 283 1371 laudem
306 1321 339 1372 et
359 1312 495 1389 gloriam
517 1312 681 1372 benedicti
706 1313 850 1373 nominis

85 1409 135 1468 tui
147 1409 319 1470 humiliter
332 1409 490 1486 incipere,
505 1409 677 1486 diligenter
692 1410 850 1486 perlicere

85 1524 123 1566 ac
159 1507 300 1567 feliciter
331 1524 571 1568 consummare.
618 1507 738 1568 Tribue
769 1508 886 1568 mihiro

85 1623 156 1665 non
179 1605 386 1681 intepescere
408 1614 483 1666 ante
498 1615 628 1682 tempus
643 1605 849 1681 praefinitum

86 1720 105 1762 a
129 1703 246 1779 Patre,
275 1704 333 1763 sed
355 1719 413 1779 pro
435 1703 569 1763 denario
591 1712 743 1764 aeternae
764 1703 850 1763 vitae

87 1801 143 1861 die
166 1811 334 1878 noctuque
355 1801 388 1860 in
411 1799 508 1860 vinea
529 1811 660 1861 sanctae
683 1801 851 1878 religionis

87 1900 240 1958 laborare
262 1909 359 1975 atque
381 1899 415 1958 in
438 1899 551 1958 schola
579 1899 731 1959 caelestis
759 1915 851 1959 exer-

86 1996 158 2056 citii
182 1996 343 2056 desudare
365 2013 471 2073 usque
494 1997 533 2056 ad
555 1998 676 2057 exitum
706 1997 850 2074 spiritus,
862 2017 886 2058 ιε

86 2105 254 2172 quatenus
276 2105 307 2155 te
324 2095 465 2171 propitio
486 2096 616 2155 tandem
642 2107 715 2172 post
730 2098 851 2156 multos

85 2210 215 2270 agones
243 2193 424 2270 longosque
453 2193 581 2253 labores
610 2195 715 2254 laetus
741 2204 849 2255 tecum

86 2291 203 2352 dicere
234 2307 351 2367 queam
383 2292 464 2349 hora
499 2290 587 2350 finali
624 2292 850 2353 incumbente:

87 2389 367 2450 Consummatum
384 2397 444 2448 est.
474 2387 520 2448 Tu
543 2389 642 2449 redde
664 2389 756 2466 mihi,
776 2390 850 2449 Iesu

20 2489 27 2523 Ψ
87 2487 188 2562 bone,
210 2487 396 2546 mercedem
413 2503 471 2562 pro
487 2486 607 2562 labore,
625 2487 771 2564 requiem
792 2504 886 2564 proao

88 2584 292 2662 fatigatione,
313 2584 467 2662 gaudium
490 2601 549 2660 pro
571 2601 737 2661 maerore,
761 2602 851 2646 coro·

86 2700 166 2742 nam
199 2699 257 2758 pro
289 2681 485 2757 certamine,
514 2681 649 2758 gloriam
681 2699 739 2759 pro
775 2699 851 2743 con·

89 2780 235 2855 lusione,
257 2778 491 2839 beatitudinem
514 2795 572 2855 pro
588 2779 731 2857 miseria,
753 2797 848 2858 quam

87 2877 123 2937 in
147 2877 271 2938 mundo
294 2876 446 2937 sustinui.
475 2875 522 2936 Tu
538 2877 626 2936 enim
648 2877 737 2938 luisti
760 2888 792 2939 et
814 2896 850 2938 es

88 2993 192 3036 causa
214 2976 321 3036 finalis
342 2975 443 3037 totius
474 2975 673 3051 operationis
701 2993 794 3036 meae
816 2977 885 3036 in25

87 3074 164 3134 loco
194 3073 467 3150 peregrinationis
495 3073 603 3133 huius.
654 3075 731 3134 Esto
759 3091 850 3151 prae·

88 3173 195 3233 mium
219 3189 328 3232 meum
350 3172 384 3231 in
407 3188 507 3248 regno
523 3171 699 3248 caelorum,
721 3172 797 3249 quia
817 3181 849 3233 te

88 3270 200 3330 solum
223 3269 374 3331 desidero
396 3269 517 3328 habere
545 3286 603 3345 pro
632 3270 784 3331 mercede
807 3270 850 3329 la·

88 3370 208 3429 borum
244 3383 413 3443 meorum,
455 3368 511 3445 qui
547 3385 583 3428 es
618 3367 782 3427 beatitudo
818 3377 850 3427 et

88 3466 195 3542 gloria
215 3466 363 3526 omniurn
386 3475 572 3526 sanctorum
594 3476 736 3526 tuorum,
857 3479 885 3521 ao

455 3669 494 3712 179
702 3669 742 3710 12·
