2152 4174
244 449 997 559 Qmaaafflffiffl

238 637 442 716 unigenitum
472 655 568 698 suum
598 639 706 712 daret,
734 646 769 696 ut
790 637 915 713 omnis,
942 637 999 714 qui

239 735 343 796 credit
364 735 397 795 in
420 735 539 812 ipsum,
561 752 626 795 non
649 744 777 812 pereat,
802 736 860 796 sed
881 735 1000 796 habeat

239 834 337 893 vitam
366 842 541 894 aeternam.
585 833 623 894 Et
652 834 787 893 iterum:
818 833 892 893 Non
920 833 997 894 veni

239 946 357 991 vocare
373 931 489 1007 iustos,
503 932 562 991 sed
577 941 776 1008 peccatores.
808 930 855 991 Tu
875 931 998 992 Mariae

215 1030 453 1106 slllagdalenae
469 1030 559 1090 ilenti
575 1030 615 1090 ad
630 1031 731 1107 pedes
747 1039 822 1090 tuos
832 1030 998 1090 uberrime

239 1128 349 1189 omnia
371 1138 503 1204 peccata
525 1128 678 1189 dimisisti
707 1129 780 1188 sine
806 1145 906 1189 mora.
948 1127 998 1188 Tu

240 1226 373 1285 Petrum
405 1235 478 1302 post
511 1226 615 1286 trinae
651 1225 833 1303 negationis
869 1225 996 1301 lapsum

239 1323 444 1384 amarissime
457 1324 680 1385 lacrimantem
693 1325 731 1385 ad
742 1324 875 1402 gratiam
888 1323 997 1383 denuo

240 1422 403 1498 recepisti.
454 1421 501 1482 Tu
534 1423 633 1482 variis
664 1420 874 1500 languoribus
909 1437 997 1479 com·

205 1521 422 1597 reprehensos
445 1538 506 1598 ope
524 1521 769 1582 misericordiae
783 1529 858 1580 tuae
874 1519 996 1580 sanasti

241 1627 272 1676 et
293 1617 497 1695 gravioribus
519 1619 662 1696 peccatis
683 1618 848 1678 involutos
866 1617 996 1694 largiori
1069 1617 1070 1652 ;

240 1716 370 1793 pietatis
384 1733 521 1778 munere
536 1715 691 1776 liberasti.
721 1714 812 1775 Sicut
826 1714 998 1775 evidenter

241 1815 281 1874 de
292 1815 437 1875 adultera
447 1821 589 1891 apparet,
604 1830 700 1890 quam
716 1814 756 1873 de
769 1820 996 1872 accusatorum

241 1912 401 1987 manibus,
423 1929 465 1972 ne
486 1912 693 1988 lapidaretur,
714 1909 873 1987 eripuisti.

207 2028 232 2069 rs
282 2009 312 2071 O
327 2009 563 2086 benignissime
579 2010 664 2085 lesu,
683 2007 908 2069 misericordia
923 2025 998 2068 mea

1068 1931 1070 2069 l

241 2117 273 2167 et
302 2107 463 2185 refugium
492 2124 620 2183 meum,
649 2116 820 2184 susceptor
847 2123 943 2166 meus
966 2117 998 2166 et
1068 2115 1069 2138 ³

240 2205 394 2265 liberator
408 2222 502 2265 meus
517 2206 557 2265 de
573 2204 716 2265 inimicis
726 2203 809 2264 meis
820 2203 998 2277 iracundis,

240 2312 311 2362 esto
340 2302 419 2362 mihi
449 2302 609 2379 propitius
638 2313 670 2363 et
700 2320 741 2363 ne
772 2303 889 2379 perdas
921 2319 996 2362 cum

240 2401 349 2478 impiis
369 2401 509 2461 animam
525 2417 642 2476 meam,
664 2418 722 2477 pro
738 2400 832 2460 cuius
847 2399 998 2475 redemp·

203 2498 328 2559 aotione
359 2498 467 2558 crucis
498 2498 677 2576 patibulum
709 2498 839 2559 voluisti
874 2498 997 2558 subire.

240 2598 409 2657 lllemento
431 2597 521 2656 verbi
545 2595 647 2656 sancti
671 2596 735 2673 tui,
763 2596 850 2673 quod
878 2595 996 2656 latroni

240 2693 359 2770 dixisti,
381 2694 414 2754 in
431 2711 495 2770 quo
511 2695 636 2754 etmihi
653 2712 745 2770 spem
762 2693 996 2754 solidissimam

240 2791 410 2868 reliquisti.
460 2792 521 2852 Dic
549 2808 625 2870 ergo
647 2792 774 2852 animae
795 2809 906 2869 meae,
936 2794 998 2852 sal·

239 2897 331 2948 vator
352 2889 437 2949 vitae
459 2907 568 2965 meae,
591 2907 664 2951 cum
687 2889 997 2966 appropinquaverit

202 2995 368 3063 rstempus
384 2987 595 3048 resolutionis
610 3004 718 3048 meae:
742 2987 849 3047 Hodie
865 3004 996 3048 mecum

239 3084 305 3144 eris
341 3084 373 3145 in
410 3085 569 3162 paradiso.
619 3085 707 3163 Quid
738 3084 855 3145 laetius
890 3086 996 3147 audiri

239 3191 361 3259 potest,
391 3183 467 3260 quid
497 3183 625 3243 dulcius
653 3183 799 3243 moriens
825 3183 997 3260 percipere

239 3281 343 3356 valet,
381 3297 477 3356 quam
520 3281 574 3340 tali
614 3281 779 3342 laetificari
817 3298 996 3358 responso:

240 3378 347 3439 Hodie
378 3395 507 3438 mecum
540 3378 605 3438 eris
637 3379 669 3438 in
701 3379 878 3456 paradiso?
926 3379 996 3440 Me·

202 3484 349 3539 somento
371 3475 453 3549 mei,
476 3475 634 3550 Domine,
655 3476 689 3535 in
712 3493 811 3554 regno
833 3487 906 3553 tuo,
935 3495 995 3538 nec

239 3572 447 3649 derelinquas
475 3589 528 3632 me
556 3572 590 3632 in
617 3574 786 3634 tremendo
808 3575 925 3636 mortis
947 3593 995 3636 ar·

600 3677 638 3717 144
