2194 4180
104 400 850 516 wizam&

97 595 290 654 adornatum
313 591 430 653 necin
453 592 552 654 altum
575 609 658 652 vane
674 597 857 663 extensum,

98 692 158 751 sed
174 690 291 751 humili
307 691 493 751 reverentia
507 689 589 767 patri
612 698 644 750 et
666 684 759 748 matri
782 685 857 745 sub-

7 837 10 880 ,
98 789 239 864 lectum,
274 788 361 865 quod
392 788 425 848 in
457 787 610 864 passione
642 786 766 847 duriter
797 783 857 844 luit

98 885 357 962 colaphizatum,
387 884 486 945 adoro
508 894 540 946 te
563 883 731 946 humiliter
752 891 784 943 et
806 899 857 942 os-

97 984 193 1044 culor
212 982 394 1043 amabiliter
408 999 505 1042 orans
520 981 600 1042 mihi
616 981 744 1056 dimitti,
766 979 880 1057 quid-5

98 1081 178 1158 quid
213 1079 441 1141 ostentationis
477 1097 575 1140 causa
609 1079 730 1156 peregi.
785 1078 856 1138 Ave

99 1178 217 1239 Maria.

422 1258 473 1318 Ad
494 1275 538 1318 os.

142 1375 172 1436 Ο
203 1372 436 1434 suavissimum
467 1388 505 1432 os
527 1371 660 1431 Domini
690 1369 754 1430 mei
782 1369 856 1429 lesu

99 1471 246 1547 Christi,
277 1487 381 1547 aquo
403 1469 518 1530 salutis
540 1469 676 1529 verbum
699 1467 857 1529 derivavit
868 1481 893 1522 ro

98 1569 134 1628 in
157 1567 327 1642 mundum,
349 1567 435 1644 quod
459 1567 652 1627 ludaeorum
680 1565 783 1626 saliva
804 1582 857 1624 ex·

97 1665 165 1726 titit
190 1665 395 1742 inquinatum
425 1673 458 1724 et
485 1664 567 1724 aceti
596 1664 713 1741 poculo
743 1661 857 1723 amari-

98 1772 226 1838 catum,
255 1764 353 1823 adoro
375 1771 407 1822 te
430 1771 462 1822 et
484 1761 615 1821 osculor
640 1761 780 1837 benigne
803 1759 857 1819 lla-

97 1860 207 1936 gitans
244 1858 323 1919 mihi
355 1859 498 1936 ignosci,
533 1858 685 1935 quotiens
721 1857 858 1932 edendo,

98 1957 243 2018 bibendo
259 1967 313 2017 aut
328 1957 491 2034 loquendo
504 1956 636 2033 deliqui.
660 1954 732 2016 Ave
743 1954 857 2014 Maria.
870 1970 894 2012 rs

384 2138 434 2198 Aa
449 2137 580 2214 faciem.

144 2250 174 2312 O
185 2250 296 2311 inclita
307 2251 408 2312 iacies
420 2251 551 2312 Domini
568 2251 632 2312 mei
645 2251 720 2311 Iesu
732 2249 857 2312 Christi

98 2349 200 2426 plena
234 2348 395 2409 amicabili
431 2348 632 2424 reverentia,
668 2347 806 2425 turpiter
840 2365 858 2406 a

7 2499 8 2514 ,
99 2445 233 2506 ludaeis
254 2456 429 2524 consputa,
458 2445 610 2524 nequiter
632 2463 743 2521 caesa,
774 2445 858 2504 ioca-

98 2544 179 2604 liter
192 2544 307 2620 velata,
329 2544 427 2604 adoro
449 2553 481 2604 te
497 2545 663 2620 eleganter
682 2553 713 2603 et
728 2542 896 2602 osculoroo

98 2641 294 2704 affectanter
323 2653 459 2719 petens,
494 2652 529 2703 ut
564 2641 644 2703 mihi
679 2641 859 2717 indulgeas,

7 2789 13 2814 ,
98 2737 256 2816 quotiens
276 2740 402 2800 vultum
425 2749 499 2800 tuae
521 2737 708 2800 serenitatis
726 2737 858 2798 offendi.

98 2836 176 2897 Ave
198 2836 313 2898 illaria.

394 2917 444 2977 Ad
465 2934 568 2978 aures.

7 3093 9 3124 ι
144 3029 546 3094 OfelicesauresDomini
558 3031 623 3093 mei
635 3033 709 3093 lesu
721 3030 896 3106 Christi‚25

98 3145 185 3206 quas
205 3130 330 3190 nullius
344 3129 497 3191 vanitatis
515 3148 593 3190 aura
614 3130 772 3206 perflavit,
796 3146 857 3189 nec

31 3285 36 3296 ,
99 3225 191 3287 ullus
212 3227 410 3287 ridiculosus
432 3245 541 3288 sermo
563 3237 618 3288 aut
639 3227 819 3287 iniuriosus
841 3244 859 3286 a

99 3331 188 3382 statu
210 3323 416 3384 rectitudinis
437 3325 650 3402 permutavit,
678 3325 776 3384 adoro
797 3341 859 3383 vos

99 3419 338 3482 honorabiliter
365 3432 397 3483 et
428 3423 559 3483 osculor
587 3431 776 3482 reverenter
805 3421 858 3480 de·

7 3503 8 3568 l
99 3534 241 3594 precans
263 3519 296 3579 in
319 3537 371 3581 me
390 3521 531 3581 celerius
546 3520 678 3596 aboleri,
700 3519 896 3596 qnidquidso

462 3625 503 3666 zor
