2194 4180
44 485 46 488 ’
95 413 839 526 Qmssssfflffi

236 653 508 731 [CAPlTVLVill
532 652 696 729 xxxiii]

170 804 334 881 Depositio
356 803 487 864 Domini
508 803 578 862 Iesu
599 802 639 862 de
660 817 759 862 croco.

89 933 339 1154 &medico
361 1000 392 1050 et
406 989 525 1065 gratias
540 1006 599 1065 ago
614 988 682 1064 tibi,
705 989 846 1050 Domine

224 1089 298 1148 lesu
310 1087 456 1163 Christe,
478 1088 631 1149 fortitudo
647 1089 766 1165 divina,
788 1106 846 1165 pro

89 1186 208 1247 humili
224 1185 428 1262 depositione
440 1195 494 1245 tua
504 1186 544 1246 de
555 1186 724 1247 altitudine
739 1187 869 1247 crucis⁵

89 1286 172 1344 hora
186 1283 383 1360 vespertina,
406 1282 441 1343 in
465 1300 529 1359 qua
543 1285 726 1361 pependisti
742 1302 847 1362 usque
956 1336 959 1343 .

89 1382 130 1441 ad
155 1381 236 1441 solis
264 1398 416 1440 occasum
439 1397 497 1456 pro
520 1383 624 1442 salute
650 1392 776 1458 nostra,
807 1383 847 1442 de

90 1496 156 1556 qua
171 1489 203 1538 et
217 1478 328 1538 iussus
344 1494 380 1536 es
395 1476 512 1552 deponi
529 1479 710 1538 secundum
726 1480 848 1540 veteris

91 1575 240 1636 instituta
268 1575 350 1652 legis
372 1584 404 1635 et
431 1585 563 1650 propter
591 1575 765 1636 instantem
794 1593 847 1652 pa·

91 1673 214 1733 schalis
246 1672 319 1734 festi
353 1672 439 1732 diem
468 1673 600 1733 sabbato
629 1682 741 1733 sancto
764 1674 883 1733 cele-ro

90 1771 258 1831 brendam.

133 1868 243 1927 Laudo
273 1877 305 1928 et
331 1867 477 1945 glorifico
507 1877 538 1928 te
567 1886 625 1944 pro
654 1870 771 1929 devoto
794 1869 848 1929 ob-

13 2035 17 2058 ,
91 1964 207 2041 sequio
239 1982 258 2024 a
288 1964 502 2026 familiaribus
537 1966 651 2026 amicis
682 1966 847 2026 caritative

91 2062 148 2122 tibi
173 2062 339 2138 impenso,
369 2063 498 2139 quando
523 2063 569 2123 illi
592 2063 763 2123 iustissimi
786 2063 847 2123 viri

92 2160 212 2235 loseph
252 2160 291 2219 ab
326 2158 537 2221 Arimathaea
578 2171 610 2221 et
646 2161 882 2221 Nicodemusrs

91 2258 207 2318 doctor
227 2257 319 2334 legis,
341 2275 414 2318 cum
431 2259 500 2318 suis
514 2258 701 2318 vernaculis
722 2258 761 2317 ad
777 2274 848 2318 cru-

92 2373 164 2421 cem
187 2354 381 2416 accedentes
399 2365 431 2416 et
446 2357 565 2416 erectis
586 2357 619 2415 in
635 2357 734 2416 altum
751 2356 848 2416 scalis

91 2454 176 2514 alius
207 2453 246 2512 ad
277 2453 459 2529 dexteram,
494 2455 579 2514 alius
610 2454 649 2513 ad
681 2454 846 2514 sinistram

92 2551 338 2626 conscendens,
373 2551 457 2611 alius
487 2569 566 2611 vero
597 2552 636 2611 ad
672 2552 848 2612 solvendos

91 2650 194 2726 pedes
216 2666 252 2709 se
275 2658 428 2724 coaptans
456 2667 530 2710 cum
560 2649 647 2709 omni
677 2650 885 2709 honestatem

92 2757 125 2807 et
146 2747 266 2823 pietate
288 2756 355 2807 tres
377 2746 539 2822 pretiosos
555 2747 665 2806 clavos
687 2763 765 2806 auro
789 2745 849 2806 iul-

92 2854 189 2922 gente
212 2842 377 2919 digniores
399 2843 439 2904 de
461 2844 583 2904 sanctis
612 2843 762 2904 manibus
784 2844 849 2904 tuis

93 2959 130 3002 ac
141 2941 279 3017 pedibus
295 2950 503 3002 extraxerunt
513 2951 609 3018 atque
621 2943 718 3004 simul
729 2943 849 3018 iunctis

14 3077 15 3120 p
94 3038 282 3114 potentibus
317 3039 417 3099 sociis
452 3039 694 3101 nobilissimum
731 3058 849 3117 corpus

94 3146 185 3196 tuum
218 3147 408 3197 reverenter
436 3138 672 3212 amplectentes
702 3138 886 3199 modeste2⁵

95 3243 126 3293 et
147 3233 283 3309 provide
305 3233 344 3293 ad
366 3234 431 3294 ima
452 3234 684 3296 submiserunt.

136 3329 307 3392 Benedicti
329 3347 389 3391 vos
411 3331 472 3391 viri
502 3331 762 3410 misericordiae,
794 3337 849 3412 qui

97 3428 220 3489 fecistis
242 3429 325 3488 hanc
344 3429 600 3490 misericordiam
617 3447 690 3491 cum
708 3432 849 3493 Domino

98 3525 166 3586 Deo
198 3535 325 3602 vestro,
356 3536 391 3586 ut
419 3544 494 3587 eum
524 3527 658 3588 debitae·
678 3530 850 3592 traderetis

453 3631 492 3673 aot
