2118 4180
92 419 826 531 matum&

86 609 192 671 iterata
211 611 265 670 illa
286 609 486 670 remeatione
515 607 548 668 in
577 608 712 684 patriam
734 618 833 684 tuam,

86 725 140 783 pro
161 709 267 769 sociali
290 706 525 768 inhabitatione
547 723 621 766 cum
644 707 833 782 parentibus

85 804 146 864 tuis
160 805 191 864 in
206 806 335 865 civitate
351 805 524 880 Nazareth,
546 804 601 864 ubi
622 822 695 864 cum
718 804 832 864 amicis

86 911 114 961 et
134 904 322 980 propinquis
338 903 531 962 innocenter
550 910 763 962 conversatus
786 918 833 975 es,

85 999 138 1058 sed
152 1017 325 1076 pauperem
342 1001 440 1061 vitam
456 1018 530 1060 cum
546 1009 648 1060 matre
671 1009 702 1059 et
720 1009 832 1059 sancto
855 1013 868 1052 5

86 1096 195 1174 Ioseph
217 1099 304 1158 dulci
327 1098 492 1158 consortio
515 1096 645 1158 duxisti.

122 1194 272 1256 Concede
295 1196 375 1256 mihi
398 1213 496 1272 nunc,
518 1196 654 1256 amande
674 1196 759 1270 lesu,
781 1196 832 1254 vel

86 1291 114 1349 in
141 1295 262 1354 tantillo
291 1295 380 1353 hunc
408 1293 582 1369 patientiae
606 1310 737 1369 passum
762 1293 833 1352 imi·

18 1407 19 1412 ¹
86 1391 155 1467 tari,
183 1410 248 1452 non
277 1408 481 1452 murmurare
510 1393 668 1452 adversus
696 1391 833 1450 iniurias

87 1487 191 1566 illataS,
212 1491 270 1550 sed
286 1489 454 1549 humiliter
469 1490 585 1549 cedere
601 1488 725 1549 homini
742 1488 833 1562 irato,
845 1500 868 1542 ro

86 1586 250 1662 sustinere,
272 1587 299 1646 si
320 1587 395 1663 quis
410 1587 558 1663 irriserit,
580 1596 634 1646 aut
649 1587 833 1662 detraxerit,

86 1684 185 1744 autin
206 1685 315 1761 aliquo
335 1684 415 1744 mihi
432 1685 591 1744 molestus
607 1684 715 1759 luerit,
736 1693 832 1761 atque

87 1798 137 1856 pro
169 1785 273 1843 salute
311 1783 383 1842 eius
424 1782 590 1842 ferventer
628 1781 832 1842 intercedere

86 1895 140 1939 nec
160 1880 284 1940 homini
311 1878 488 1955 indignari,
517 1880 575 1939 sed
604 1879 736 1956 antiquo
766 1896 832 1939 ser-

87 1978 179 2054 penti,
200 1979 255 2056 qui
279 1978 386 2054 ipsum
409 1976 631 2052 temptaverit,
652 1986 754 2038 toturn
777 1996 832 2053 po·
844 1993 868 2032 15

86 2073 143 2134 tius
164 2076 333 2153 imputare.

122 2174 166 2234 Da
186 2175 267 2234 mihi
290 2191 403 2250 pacem
426 2189 557 2232 servare
582 2189 656 2231 cum
680 2171 832 2232 iratribus

87 2272 176 2347 meis,
199 2273 340 2332 libenter
362 2271 497 2347 obsequi
520 2270 585 2329 illis
607 2270 832 2346 patienterque

88 2365 163 2428 ferre
191 2386 265 2428 cum
295 2369 376 2445 ipsis
400 2384 639 2445 quamcumque
662 2367 831 2442 penuriam

18 2479 19 2484 ¹
87 2463 114 2523 in
134 2467 365 2543 temporalibus
394 2467 433 2525 ad
459 2466 505 2526 tui
528 2465 671 2524 nominis
694 2466 869 2525 laudem.2o

251 2676 522 2753 [cnmrvnvn
547 2675 662 2752 mum

102 2811 142 2870 De
161 2811 283 2870 sanctis
305 2809 526 2870 innocentibus
547 2810 588 2868 ab
610 2808 736 2867 Herode
754 2824 813 2883 pro

273 2908 402 2967 nomine
422 2907 492 2966 lesu
513 2907 634 2967 occisis.

18 3081 19 3084 ¹
86 3003 323 3225 &medico
346 3069 377 3119 et
393 3059 512 3136 gratias
528 3076 585 3135 ago
600 3058 669 3133 tibi,
692 3059 832 3118 Domine

220 3159 295 3218 lesu
328 3157 478 3232 Christe,
514 3174 590 3232 spes
625 3156 869 3232 pupillorum,25

87 3257 176 3332 gloria
211 3256 384 3315 humilium
425 3265 456 3316 et
492 3272 611 3314 corona
646 3263 832 3314 sanctorum

88 3349 232 3430 omnium,
254 3370 312 3428 pro
334 3352 500 3413 innocenti
522 3352 688 3412 occisione
710 3361 756 3411 tot
776 3352 834 3411 mi-

88 3453 154 3512 lium
183 3469 360 3528 puerorum
396 3468 453 3526 pro
485 3451 530 3511 tui
562 3450 705 3509 nominis
737 3467 834 3509 causa

89 3550 319 3610 trucidatorum.

445 3653 470 3694 ar
