<?xml version="1.0" encoding="UTF-8"?>
<!DOCTYPE html PUBLIC "-//W3C//DTD XHTML 1.0 Transitional//EN"
    "http://www.w3.org/TR/xhtml1/DTD/xhtml1-transitional.dtd">
<html xmlns="http://www.w3.org/1999/xhtml" xml:lang="en" lang="en">
 <head>
  <title>
</title>
<meta http-equiv="Content-Type" content="text/html;charset=utf-8" />
  <meta name='ocr-system' content='tesseract 3.04.00' />
  <meta name='ocr-capabilities' content='ocr_page ocr_carea ocr_par ocr_line ocrx_word'/>
</head>
<body>
  <div class='ocr_page' id='page_1' title='image "./thomaehemerkena02pohlgoog_0180.png"; bbox 0 0 2152 4174; ppageno 0'>
   <div class='ocr_carea' id='block_1_1' title="bbox 61 380 812 490">
    <p class='ocr_par' dir='ltr' id='par_1_1' title="bbox 61 380 812 490">
     <span class='ocr_line' id='line_1_1' title="bbox 61 380 812 490; baseline 0 -1"><span class='ocrx_word' id='word_1_1' title='bbox 61 380 812 490; x_wconf 46' lang='lat' dir='ltr'>ammaum&amp;</span> 
     </span>
    </p>
   </div>
   <div class='ocr_carea' id='block_1_2' title="bbox 51 567 898 3471">
    <p class='ocr_par' dir='ltr' id='par_1_2' title="bbox 51 567 898 3471">
     <span class='ocr_line' id='line_1_2' title="bbox 55 567 819 645; baseline 0.003 -19"><span class='ocrx_word' id='word_1_2' title='bbox 55 567 174 627; x_wconf 89' lang='lat' dir='ltr'>dalena</span> <span class='ocrx_word' id='word_1_3' title='bbox 195 567 310 628; x_wconf 90' lang='lat' dir='ltr'>salutis</span> <span class='ocrx_word' id='word_1_4' title='bbox 332 585 411 629; x_wconf 87' lang='lat' dir='ltr'>suae</span> <span class='ocrx_word' id='word_1_5' title='bbox 433 568 616 644; x_wconf 90' lang='lat' dir='ltr'>medicum,</span> <span class='ocrx_word' id='word_1_6' title='bbox 644 569 748 645; x_wconf 85' lang='lat' dir='ltr'><strong>plorat</strong></span> <span class='ocrx_word' id='word_1_7' title='bbox 770 569 819 629; x_wconf 94' lang='lat' dir='ltr'>lo·</span> 
     </span>
     <span class='ocr_line' id='line_1_3' title="bbox 53 665 819 742; baseline 0.003 -18"><span class='ocrx_word' id='word_1_8' title='bbox 53 668 186 725; x_wconf 87' lang='lat' dir='ltr'>hannes</span> <span class='ocrx_word' id='word_1_9' title='bbox 208 666 398 742; x_wconf 86' lang='lat' dir='ltr'>magistrum</span> <span class='ocrx_word' id='word_1_10' title='bbox 421 665 668 740; x_wconf 89' lang='lat' dir='ltr'>dulcissimum,</span> <span class='ocrx_word' id='word_1_11' title='bbox 692 667 819 742; x_wconf 85' lang='lat' dir='ltr'>plorant</span> 
     </span>
     <span class='ocr_line' id='line_1_4' title="bbox 52 763 818 838; baseline 0.004 -16"><span class='ocrx_word' id='word_1_12' title='bbox 52 779 176 823; x_wconf 87' lang='lat' dir='ltr'>omnes</span> <span class='ocrx_word' id='word_1_13' title='bbox 204 764 342 838; x_wconf 88' lang='lat' dir='ltr'>apostoli</span> <span class='ocrx_word' id='word_1_14' title='bbox 371 764 512 825; x_wconf 86' lang='lat' dir='ltr'>ablatum</span> <span class='ocrx_word' id='word_1_15' title='bbox 542 763 604 824; x_wconf 88' lang='lat' dir='ltr'>sibi</span> <span class='ocrx_word' id='word_1_16' title='bbox 640 763 818 825; x_wconf 89' lang='lat' dir='ltr'>Dominum</span> 
     </span>
     <span class='ocr_line' id='line_1_5' title="bbox 52 860 817 938; baseline 0.001 -18"><span class='ocrx_word' id='word_1_17' title='bbox 52 877 165 920; x_wconf 90' lang='lat' dir='ltr'>suum.</span> <span class='ocrx_word' id='word_1_18' title='bbox 211 860 295 938; x_wconf 90' lang='lat' dir='ltr'>Quis</span> <span class='ocrx_word' id='word_1_19' title='bbox 312 878 379 920; x_wconf 91' lang='lat' dir='ltr'>non</span> <span class='ocrx_word' id='word_1_20' title='bbox 398 862 550 937; x_wconf 78' lang='lat' dir='ltr'>ploraret,</span> <span class='ocrx_word' id='word_1_21' title='bbox 574 861 708 922; x_wconf 91' lang='lat' dir='ltr'>ubitam</span> <span class='ocrx_word' id='word_1_22' title='bbox 724 861 817 921; x_wconf 90' lang='lat' dir='ltr'>multi</span> 
     </span>
     <span class='ocr_line' id='line_1_6' title="bbox 52 958 842 1036; baseline -0.003 -19"><span class='ocrx_word' id='word_1_23' title='bbox 52 959 154 1018; x_wconf 90' lang='lat' dir='ltr'>amici</span> <span class='ocrx_word' id='word_1_24' title='bbox 178 958 276 1019; x_wconf 85' lang='lat' dir='ltr'>simul</span> <span class='ocrx_word' id='word_1_25' title='bbox 304 959 458 1034; x_wconf 76' lang='lat' dir='ltr'>plorant?</span> <span class='ocrx_word' id='word_1_26' title='bbox 499 959 587 1020; x_wconf 83' lang='lat' dir='ltr'>Vere</span> <span class='ocrx_word' id='word_1_27' title='bbox 609 976 746 1036; x_wconf 86' lang='lat' dir='ltr'>magnus</span> <span class='ocrx_word' id='word_1_28' title='bbox 769 967 842 1019; x_wconf 82' lang='lat' dir='ltr'>ests</span> 
     </span>
     <span class='ocr_line' id='line_1_7' title="bbox 52 1055 818 1133; baseline 0.003 -19"><span class='ocrx_word' id='word_1_29' title='bbox 52 1055 117 1115; x_wconf 86' lang='lat' dir='ltr'>iste</span> <span class='ocrx_word' id='word_1_30' title='bbox 142 1056 293 1132; x_wconf 90' lang='lat' dir='ltr'>planctus</span> <span class='ocrx_word' id='word_1_31' title='bbox 314 1055 348 1115; x_wconf 92' lang='lat' dir='ltr'>in</span> <span class='ocrx_word' id='word_1_32' title='bbox 371 1056 560 1116; x_wconf 82' lang='lat' dir='ltr'>Ierusalem.</span> <span class='ocrx_word' id='word_1_33' title='bbox 603 1056 659 1117; x_wconf 89' lang='lat' dir='ltr'>Sta</span> <span class='ocrx_word' id='word_1_34' title='bbox 686 1065 818 1133; x_wconf 84' lang='lat' dir='ltr'>ergoet</span> 
     </span>
     <span class='ocr_line' id='line_1_8' title="bbox 51 1152 819 1229; baseline -0.001 -16"><span class='ocrx_word' id='word_1_35' title='bbox 51 1162 86 1213; x_wconf 91' lang='lat' dir='ltr'>tu</span> <span class='ocrx_word' id='word_1_36' title='bbox 113 1152 171 1213; x_wconf 92' lang='lat' dir='ltr'>hic</span> <span class='ocrx_word' id='word_1_37' title='bbox 193 1153 361 1229; x_wconf 90' lang='lat' dir='ltr'>paululum</span> <span class='ocrx_word' id='word_1_38' title='bbox 384 1162 416 1213; x_wconf 87' lang='lat' dir='ltr'>et</span> <span class='ocrx_word' id='word_1_39' title='bbox 431 1153 522 1214; x_wconf 89' lang='lat' dir='ltr'>disce</span> <span class='ocrx_word' id='word_1_40' title='bbox 542 1163 677 1214; x_wconf 86' lang='lat' dir='ltr'>amatre</span> <span class='ocrx_word' id='word_1_41' title='bbox 693 1152 819 1229; x_wconf 86' lang='lat' dir='ltr'>virgine</span> 
     </span>
     <span class='ocr_line' id='line_1_9' title="bbox 54 1250 820 1327; baseline 0.001 -18"><span class='ocrx_word' id='word_1_42' title='bbox 54 1251 238 1325; x_wconf 86' lang='lat' dir='ltr'>planctum,</span> <span class='ocrx_word' id='word_1_43' title='bbox 254 1250 348 1311; x_wconf 92' lang='lat' dir='ltr'>cuius</span> <span class='ocrx_word' id='word_1_44' title='bbox 359 1269 488 1312; x_wconf 87' lang='lat' dir='ltr'>amarae</span> <span class='ocrx_word' id='word_1_45' title='bbox 498 1251 651 1312; x_wconf 82' lang='lat' dir='ltr'>lacrimae</span> <span class='ocrx_word' id='word_1_46' title='bbox 667 1261 820 1327; x_wconf 91' lang='lat' dir='ltr'>poterunt</span> 
     </span>
     <span class='ocr_line' id='line_1_10' title="bbox 52 1349 818 1410; baseline -0.001 -2"><span class='ocrx_word' id='word_1_47' title='bbox 52 1349 169 1408; x_wconf 90' lang='lat' dir='ltr'>cordis</span> <span class='ocrx_word' id='word_1_48' title='bbox 191 1349 238 1408; x_wconf 93' lang='lat' dir='ltr'>tui</span> <span class='ocrx_word' id='word_1_49' title='bbox 261 1349 375 1410; x_wconf 88' lang='lat' dir='ltr'>intima</span> <span class='ocrx_word' id='word_1_50' title='bbox 390 1365 608 1410; x_wconf 87' lang='lat' dir='ltr'>commovere.</span> <span class='ocrx_word' id='word_1_51' title='bbox 651 1349 719 1410; x_wconf 83' lang='lat' dir='ltr'>Stat</span> <span class='ocrx_word' id='word_1_52' title='bbox 742 1365 818 1408; x_wconf 90' lang='lat' dir='ltr'>ecce</span> 
     </span>
     <span class='ocr_line' id='line_1_11' title="bbox 53 1445 855 1525; baseline -0.002 -21"><span class='ocrx_word' id='word_1_53' title='bbox 53 1463 149 1506; x_wconf 91' lang='lat' dir='ltr'>nunc</span> <span class='ocrx_word' id='word_1_54' title='bbox 191 1445 279 1506; x_wconf 86' lang='lat' dir='ltr'>iuxta</span> <span class='ocrx_word' id='word_1_55' title='bbox 319 1465 450 1508; x_wconf 92' lang='lat' dir='ltr'>crucem</span> <span class='ocrx_word' id='word_1_56' title='bbox 486 1447 613 1525; x_wconf 85' lang='lat' dir='ltr'>magnis</span> <span class='ocrx_word' id='word_1_57' title='bbox 649 1447 855 1507; x_wconf 79' lang='lat' dir='ltr'>vulneratam</span> 
     </span>
     <span class='ocr_line' id='line_1_12' title="bbox 56 1543 821 1622; baseline -0.003 -17"><span class='ocrx_word' id='word_1_58' title='bbox 56 1543 244 1619; x_wconf 90' lang='lat' dir='ltr'>doloribus,</span> <span class='ocrx_word' id='word_1_59' title='bbox 267 1545 429 1621; x_wconf 92' lang='lat' dir='ltr'>quondam</span> <span class='ocrx_word' id='word_1_60' title='bbox 460 1546 548 1606; x_wconf 86' lang='lat' dir='ltr'>iuxta</span> <span class='ocrx_word' id='word_1_61' title='bbox 568 1561 727 1622; x_wconf 88' lang='lat' dir='ltr'>praesepe</span> <span class='ocrx_word' id='word_1_62' title='bbox 750 1560 821 1604; x_wconf 92' lang='lat' dir='ltr'>cae·</span> 
     </span>
     <span class='ocr_line' id='line_1_13' title="bbox 53 1640 820 1717; baseline 0 -16"><span class='ocrx_word' id='word_1_63' title='bbox 53 1640 201 1702; x_wconf 90' lang='lat' dir='ltr'>lestibus</span> <span class='ocrx_word' id='word_1_64' title='bbox 230 1643 353 1717; x_wconf 89' lang='lat' dir='ltr'>repleta</span> <span class='ocrx_word' id='word_1_65' title='bbox 382 1643 605 1703; x_wconf 88' lang='lat' dir='ltr'>concentibus.</span> <span class='ocrx_word' id='word_1_66' title='bbox 656 1643 820 1704; x_wconf 90' lang='lat' dir='ltr'>Gravatur</span> 
     </span>
     <span class='ocr_line' id='line_1_14' title="bbox 53 1737 820 1816; baseline -0.003 -17"><span class='ocrx_word' id='word_1_67' title='bbox 53 1757 149 1800; x_wconf 92' lang='lat' dir='ltr'>nunc</span> <span class='ocrx_word' id='word_1_68' title='bbox 173 1739 313 1799; x_wconf 84' lang='lat' dir='ltr'>Iudaicis</span> <span class='ocrx_word' id='word_1_69' title='bbox 332 1740 529 1801; x_wconf 88' lang='lat' dir='ltr'>clamoribus</span> <span class='ocrx_word' id='word_1_70' title='bbox 551 1740 642 1816; x_wconf 88' lang='lat' dir='ltr'>prius</span> <span class='ocrx_word' id='word_1_71' title='bbox 664 1737 820 1815; x_wconf 87' lang='lat' dir='ltr'>angelicis</span> 
     </span>
     <span class='ocr_line' id='line_1_15' title="bbox 55 1836 819 1913; baseline -0.003 -16"><span class='ocrx_word' id='word_1_72' title='bbox 55 1837 243 1897; x_wconf 78' lang='lat' dir='ltr'>confortata</span> <span class='ocrx_word' id='word_1_73' title='bbox 278 1837 505 1913; x_wconf 79' lang='lat' dir='ltr'>sermonibuS,</span> <span class='ocrx_word' id='word_1_74' title='bbox 548 1836 694 1897; x_wconf 91' lang='lat' dir='ltr'>induitur</span> <span class='ocrx_word' id='word_1_75' title='bbox 731 1852 819 1895; x_wconf 90' lang='lat' dir='ltr'>nunc</span> 
     </span>
     <span class='ocr_line' id='line_1_16' title="bbox 55 1933 855 2012; baseline -0.005 -17"><span class='ocrx_word' id='word_1_76' title='bbox 55 1935 160 2012; x_wconf 90' lang='lat' dir='ltr'>pallio</span> <span class='ocrx_word' id='word_1_77' title='bbox 182 1935 341 1995; x_wconf 87' lang='lat' dir='ltr'>maeroris</span> <span class='ocrx_word' id='word_1_78' title='bbox 363 1935 440 1996; x_wconf 88' lang='lat' dir='ltr'>olim</span> <span class='ocrx_word' id='word_1_79' title='bbox 463 1936 620 1996; x_wconf 88' lang='lat' dir='ltr'>honorata</span> <span class='ocrx_word' id='word_1_80' title='bbox 649 1952 666 1994; x_wconf 89' lang='lat' dir='ltr'>a</span> <span class='ocrx_word' id='word_1_81' title='bbox 688 1933 855 2009; x_wconf 83' lang='lat' dir='ltr'>regibusrs</span> 
     </span>
     <span class='ocr_line' id='line_1_17' title="bbox 57 2031 818 2110; baseline -0.005 -17"><span class='ocrx_word' id='word_1_82' title='bbox 57 2033 194 2094; x_wconf 91' lang='lat' dir='ltr'>sanctis.</span> <span class='ocrx_word' id='word_1_83' title='bbox 237 2033 431 2110; x_wconf 83' lang='lat' dir='ltr'>Aspergitur</span> <span class='ocrx_word' id='word_1_84' title='bbox 453 2051 539 2094; x_wconf 89' lang='lat' dir='ltr'>nunc</span> <span class='ocrx_word' id='word_1_85' title='bbox 563 2032 620 2093; x_wconf 87' lang='lat' dir='ltr'>lilii</span> <span class='ocrx_word' id='word_1_86' title='bbox 646 2031 697 2091; x_wconf 89' lang='lat' dir='ltr'>sui</span> <span class='ocrx_word' id='word_1_87' title='bbox 721 2031 818 2090; x_wconf 92' lang='lat' dir='ltr'>rubro</span> 
     </span>
     <span class='ocr_line' id='line_1_18' title="bbox 57 2129 820 2207; baseline -0.003 -18"><span class='ocrx_word' id='word_1_88' title='bbox 57 2130 231 2207; x_wconf 87' lang='lat' dir='ltr'>sanguine,</span> <span class='ocrx_word' id='word_1_89' title='bbox 254 2131 348 2192; x_wconf 92' lang='lat' dir='ltr'>cuius</span> <span class='ocrx_word' id='word_1_90' title='bbox 370 2131 507 2192; x_wconf 87' lang='lat' dir='ltr'>candido</span> <span class='ocrx_word' id='word_1_91' title='bbox 536 2130 627 2207; x_wconf 88' lang='lat' dir='ltr'>prius</span> <span class='ocrx_word' id='word_1_92' title='bbox 650 2129 820 2188; x_wconf 78' lang='lat' dir='ltr'>fovebatur</span> 
     </span>
     <span class='ocr_line' id='line_1_19' title="bbox 56 2226 819 2304; baseline -0.004 -16"><span class='ocrx_word' id='word_1_93' title='bbox 56 2238 208 2304; x_wconf 88' lang='lat' dir='ltr'>aspectu,</span> <span class='ocrx_word' id='word_1_94' title='bbox 229 2227 319 2287; x_wconf 89' lang='lat' dir='ltr'>videt</span> <span class='ocrx_word' id='word_1_95' title='bbox 339 2227 425 2288; x_wconf 88' lang='lat' dir='ltr'>inter</span> <span class='ocrx_word' id='word_1_96' title='bbox 447 2229 590 2288; x_wconf 89' lang='lat' dir='ltr'>latrones</span> <span class='ocrx_word' id='word_1_97' title='bbox 611 2226 819 2303; x_wconf 89' lang='lat' dir='ltr'>pendentem,</span> 
     </span>
     <span class='ocr_line' id='line_1_20' title="bbox 56 2324 819 2402; baseline -0.005 -16"><span class='ocrx_word' id='word_1_98' title='bbox 56 2343 160 2402; x_wconf 90' lang='lat' dir='ltr'>quem</span> <span class='ocrx_word' id='word_1_99' title='bbox 183 2325 315 2401; x_wconf 88' lang='lat' dir='ltr'>saepius</span> <span class='ocrx_word' id='word_1_100' title='bbox 332 2325 457 2387; x_wconf 91' lang='lat' dir='ltr'>viderat</span> <span class='ocrx_word' id='word_1_101' title='bbox 479 2326 580 2386; x_wconf 86' lang='lat' dir='ltr'>multa</span> <span class='ocrx_word' id='word_1_102' title='bbox 595 2325 687 2401; x_wconf 84' lang='lat' dir='ltr'>signa</span> <span class='ocrx_word' id='word_1_103' title='bbox 708 2324 741 2383; x_wconf 89' lang='lat' dir='ltr'>in</span> <span class='ocrx_word' id='word_1_104' title='bbox 763 2340 819 2399; x_wconf 90' lang='lat' dir='ltr'>po·</span> 
     </span>
     <span class='ocr_line' id='line_1_21' title="bbox 55 2421 854 2499; baseline -0.006 -15"><span class='ocrx_word' id='word_1_105' title='bbox 55 2424 137 2499; x_wconf 94' lang='lat' dir='ltr'>pulo</span> <span class='ocrx_word' id='word_1_106' title='bbox 162 2422 346 2482; x_wconf 83' lang='lat' dir='ltr'>facientem.</span> <span class='ocrx_word' id='word_1_107' title='bbox 385 2422 502 2484; x_wconf 88' lang='lat' dir='ltr'>Cernit</span> <span class='ocrx_word' id='word_1_108' title='bbox 523 2423 653 2498; x_wconf 89' lang='lat' dir='ltr'>leproso</span> <span class='ocrx_word' id='word_1_109' title='bbox 676 2421 854 2482; x_wconf 85' lang='lat' dir='ltr'>similemao</span> 
     </span>
     <span class='ocr_line' id='line_1_22' title="bbox 56 2519 818 2598; baseline -0.004 -17"><span class='ocrx_word' id='word_1_110' title='bbox 56 2529 194 2598; x_wconf 93' lang='lat' dir='ltr'>propter</span> <span class='ocrx_word' id='word_1_111' title='bbox 215 2521 388 2580; x_wconf 88' lang='lat' dir='ltr'>vulnerum</span> <span class='ocrx_word' id='word_1_112' title='bbox 412 2519 614 2595; x_wconf 78' lang='lat' dir='ltr'>foeditatem,</span> <span class='ocrx_word' id='word_1_113' title='bbox 643 2536 739 2595; x_wconf 91' lang='lat' dir='ltr'>quem</span> <span class='ocrx_word' id='word_1_114' title='bbox 761 2535 818 2578; x_wconf 90' lang='lat' dir='ltr'>no·</span> 
     </span>
     <span class='ocr_line' id='line_1_23' title="bbox 56 2616 818 2693; baseline -0.004 -15"><span class='ocrx_word' id='word_1_115' title='bbox 56 2626 152 2678; x_wconf 87' lang='lat' dir='ltr'>verat</span> <span class='ocrx_word' id='word_1_116' title='bbox 173 2616 286 2678; x_wconf 88' lang='lat' dir='ltr'>multis</span> <span class='ocrx_word' id='word_1_117' title='bbox 308 2616 449 2693; x_wconf 89' lang='lat' dir='ltr'>leprosis</span> <span class='ocrx_word' id='word_1_118' title='bbox 471 2617 611 2677; x_wconf 86' lang='lat' dir='ltr'>donasse</span> <span class='ocrx_word' id='word_1_119' title='bbox 633 2616 818 2676; x_wconf 90' lang='lat' dir='ltr'>candorem.</span> 
     </span>
     <span class='ocr_line' id='line_1_24' title="bbox 58 2713 818 2778; baseline -0.007 0"><span class='ocrx_word' id='word_1_120' title='bbox 58 2714 260 2778; x_wconf 90' lang='lat' dir='ltr'>Considerat</span> <span class='ocrx_word' id='word_1_121' title='bbox 288 2714 470 2774; x_wconf 90' lang='lat' dir='ltr'>innumeris</span> <span class='ocrx_word' id='word_1_122' title='bbox 501 2715 670 2775; x_wconf 88' lang='lat' dir='ltr'>subactum</span> <span class='ocrx_word' id='word_1_123' title='bbox 700 2713 818 2773; x_wconf 91' lang='lat' dir='ltr'>dolori·</span> 
     </span>
     <span class='ocr_line' id='line_1_25' title="bbox 56 2811 898 2890; baseline -0.006 -16"><span class='ocrx_word' id='word_1_124' title='bbox 56 2815 131 2889; x_wconf 91' lang='lat' dir='ltr'>bus,</span> <span class='ocrx_word' id='word_1_125' title='bbox 154 2812 210 2890; x_wconf 92' lang='lat' dir='ltr'>qui</span> <span class='ocrx_word' id='word_1_126' title='bbox 226 2829 357 2873; x_wconf 90' lang='lat' dir='ltr'>omnem</span> <span class='ocrx_word' id='word_1_127' title='bbox 374 2813 563 2889; x_wconf 86' lang='lat' dir='ltr'>languorem</span> <span class='ocrx_word' id='word_1_128' title='bbox 580 2811 757 2887; x_wconf 88' lang='lat' dir='ltr'>repellebat</span> <span class='ocrx_word' id='word_1_129' title='bbox 778 2811 817 2870; x_wconf 88' lang='lat' dir='ltr'>ab</span> <span class='ocrx_word' id='word_1_130' title='bbox 896 2871 898 2876; x_wconf 78' lang='grc'>,</span> 
     </span>
     <span class='ocr_line' id='line_1_26' title="bbox 57 2907 854 2985; baseline 0 -15"><span class='ocrx_word' id='word_1_131' title='bbox 57 2910 209 2971; x_wconf 84' lang='lat' dir='ltr'>infirmis.</span> <span class='ocrx_word' id='word_1_132' title='bbox 253 2908 426 2985; x_wconf 88' lang='lat' dir='ltr'>Conspicit</span> <span class='ocrx_word' id='word_1_133' title='bbox 441 2907 536 2969; x_wconf 93' lang='lat' dir='ltr'>morti</span> <span class='ocrx_word' id='word_1_134' title='bbox 553 2908 740 2982; x_wconf 86' lang='lat' dir='ltr'>obnoxium,</span> <span class='ocrx_word' id='word_1_135' title='bbox 761 2908 854 2984; x_wconf 81' lang='lat' dir='ltr'>quizs</span> 
     </span>
     <span class='ocr_line' id='line_1_27' title="bbox 59 3007 818 3070; baseline -0.007 -1"><span class='ocrx_word' id='word_1_136' title='bbox 59 3011 219 3070; x_wconf 87' lang='lat' dir='ltr'>Lazarum</span> <span class='ocrx_word' id='word_1_137' title='bbox 239 3007 429 3069; x_wconf 82' lang='lat' dir='ltr'>defunctum</span> <span class='ocrx_word' id='word_1_138' title='bbox 452 3007 491 3067; x_wconf 91' lang='lat' dir='ltr'>ad</span> <span class='ocrx_word' id='word_1_139' title='bbox 507 3007 593 3067; x_wconf 90' lang='lat' dir='ltr'>vitae</span> <span class='ocrx_word' id='word_1_140' title='bbox 608 3014 818 3066; x_wconf 88' lang='lat' dir='ltr'>revocaverat</span> 
     </span>
     <span class='ocr_line' id='line_1_28' title="bbox 57 3102 817 3181; baseline -0.005 -16"><span class='ocrx_word' id='word_1_141' title='bbox 57 3114 197 3181; x_wconf 84' lang='lat' dir='ltr'>statum3</span> <span class='ocrx_word' id='word_1_142' title='bbox 219 3121 315 3165; x_wconf 89' lang='lat' dir='ltr'>versa</span> <span class='ocrx_word' id='word_1_143' title='bbox 337 3114 413 3164; x_wconf 89' lang='lat' dir='ltr'>sunt</span> <span class='ocrx_word' id='word_1_144' title='bbox 435 3104 465 3164; x_wconf 88' lang='lat' dir='ltr'>ei</span> <span class='ocrx_word' id='word_1_145' title='bbox 488 3103 598 3165; x_wconf 86' lang='lat' dir='ltr'>omnia</span> <span class='ocrx_word' id='word_1_146' title='bbox 621 3102 762 3163; x_wconf 90' lang='lat' dir='ltr'>iucunda</span> <span class='ocrx_word' id='word_1_147' title='bbox 784 3102 817 3161; x_wconf 91' lang='lat' dir='ltr'>in</span> 
     </span>
     <span class='ocr_line' id='line_1_29' title="bbox 58 3199 816 3278; baseline -0.005 -16"><span class='ocrx_word' id='word_1_148' title='bbox 58 3202 175 3278; x_wconf 88' lang='lat' dir='ltr'>tristia,</span> <span class='ocrx_word' id='word_1_149' title='bbox 197 3211 229 3263; x_wconf 89' lang='lat' dir='ltr'>et</span> <span class='ocrx_word' id='word_1_150' title='bbox 251 3201 358 3262; x_wconf 88' lang='lat' dir='ltr'>dulcia</span> <span class='ocrx_word' id='word_1_151' title='bbox 380 3202 412 3261; x_wconf 95' lang='lat' dir='ltr'>in</span> <span class='ocrx_word' id='word_1_152' title='bbox 435 3218 552 3262; x_wconf 89' lang='lat' dir='ltr'>amara.</span> <span class='ocrx_word' id='word_1_153' title='bbox 582 3199 641 3260; x_wconf 90' lang='lat' dir='ltr'>Tot</span> <span class='ocrx_word' id='word_1_154' title='bbox 656 3199 816 3259; x_wconf 89' lang='lat' dir='ltr'>malorum</span> 
     </span>
     <span class='ocr_line' id='line_1_30' title="bbox 58 3297 817 3377; baseline -0.005 -17"><span class='ocrx_word' id='word_1_155' title='bbox 58 3300 214 3377; x_wconf 90' lang='lat' dir='ltr'>procellis</span> <span class='ocrx_word' id='word_1_156' title='bbox 229 3299 407 3360; x_wconf 92' lang='lat' dir='ltr'>involvitur</span> <span class='ocrx_word' id='word_1_157' title='bbox 429 3298 565 3359; x_wconf 88' lang='lat' dir='ltr'>rutilans</span> <span class='ocrx_word' id='word_1_158' title='bbox 587 3299 682 3358; x_wconf 90' lang='lat' dir='ltr'>stella</span> <span class='ocrx_word' id='word_1_159' title='bbox 700 3297 817 3373; x_wconf 84' lang='lat' dir='ltr'>maris3</span> 
     </span>
     <span class='ocr_line' id='line_1_31' title="bbox 59 3395 853 3471; baseline -0.008 -13"><span class='ocrx_word' id='word_1_160' title='bbox 59 3398 118 3458; x_wconf 92' lang='lat' dir='ltr'>sed</span> <span class='ocrx_word' id='word_1_161' title='bbox 150 3414 216 3457; x_wconf 91' lang='lat' dir='ltr'>non</span> <span class='ocrx_word' id='word_1_162' title='bbox 247 3396 390 3457; x_wconf 90' lang='lat' dir='ltr'>vincitur</span> <span class='ocrx_word' id='word_1_163' title='bbox 420 3395 572 3455; x_wconf 91' lang='lat' dir='ltr'>humanis</span> <span class='ocrx_word' id='word_1_164' title='bbox 604 3395 853 3471; x_wconf 82' lang='lat' dir='ltr'>pravitatibusao</span> 
     </span>
    </p>
   </div>
   <div class='ocr_carea' id='block_1_3' title="bbox 60 3492 816 3640">
    <p class='ocr_par' dir='ltr' id='par_1_3' title="bbox 60 3492 816 3640">
     <span class='ocr_line' id='line_1_32' title="bbox 60 3492 816 3569; baseline -0.004 -15"><span class='ocrx_word' id='word_1_165' title='bbox 60 3511 154 3554; x_wconf 93' lang='lat' dir='ltr'>mens</span> <span class='ocrx_word' id='word_1_166' title='bbox 177 3494 209 3554; x_wconf 93' lang='lat' dir='ltr'>in</span> <span class='ocrx_word' id='word_1_167' title='bbox 234 3494 304 3554; x_wconf 85' lang='lat' dir='ltr'>Deo</span> <span class='ocrx_word' id='word_1_168' title='bbox 327 3493 390 3553; x_wconf 88' lang='lat' dir='ltr'>lixa</span> <span class='ocrx_word' id='word_1_169' title='bbox 411 3509 619 3569; x_wconf 89' lang='lat' dir='ltr'>permanens.</span> <span class='ocrx_word' id='word_1_170' title='bbox 662 3492 730 3553; x_wconf 92' lang='lat' dir='ltr'>Stat</span> <span class='ocrx_word' id='word_1_171' title='bbox 759 3492 816 3568; x_wconf 86' lang='lat' dir='ltr'>igi-</span> 
     </span>
     <span class='ocr_line' id='line_1_33' title="bbox 102 3598 707 3640; baseline -0.003 0"><span class='ocrx_word' id='word_1_172' title='bbox 102 3601 194 3640; x_wconf 63' lang='lat' dir='ltr'>raama</span> <span class='ocrx_word' id='word_1_173' title='bbox 208 3612 222 3640; x_wconf 74' lang='lat' dir='ltr'>a</span> <span class='ocrx_word' id='word_1_174' title='bbox 239 3601 266 3638; x_wconf 77' lang='lat' dir='ltr'>rr.</span> <span class='ocrx_word' id='word_1_175' title='bbox 282 3598 341 3640; x_wconf 76' lang='lat' dir='ltr'>neo.</span> <span class='ocrx_word' id='word_1_176' title='bbox 425 3598 459 3638; x_wconf 86' lang='lat' dir='ltr'>nn</span> <span class='ocrx_word' id='word_1_177' title='bbox 686 3598 707 3638; x_wconf 93' lang='lat'>11</span> 
     </span>
    </p>
   </div>
   <div class='ocr_carea' id='block_1_4' title="bbox 0 0 1090 4174">
    <p class='ocr_par' dir='ltr' id='par_1_4' title="bbox 0 0 1090 4174">
     <span class='ocr_line' id='line_1_34' title="bbox 0 0 1090 4174; baseline 0 0"><span class='ocrx_word' id='word_1_178' title='bbox 0 0 1090 4174; x_wconf 95' lang='lat' dir='ltr'> </span> 
     </span>
    </p>
   </div>
  </div>
 </body>
</html>
