2194 4180
245 419 989 528 Qfflffinanfflffiffl

236 615 367 684 captuS‚
395 625 413 666 a
434 606 595 667 ministris
617 606 807 684 flagellatus,
837 626 856 667 a
877 606 993 667 iudici·

236 705 297 764 bus
322 704 576 780 condemnatuS,
604 721 622 764 a
643 703 851 781 pontificibus
873 705 993 766 illusus

235 811 268 862 et
282 802 336 862 hic
352 802 511 863 innocens
526 802 560 861 in
572 819 669 862 cruce
680 819 872 879 suspensus.
902 802 993 879 Quid

236 900 320 960 ultra
347 900 444 960 debui
475 899 583 960 facere
614 909 646 960 et
676 917 743 962 non
769 900 860 961 ieci?
902 900 992 977 Quid

212 998 375 1074 samplius
406 998 470 1073 pati
502 1006 534 1057 et
565 1014 630 1057 non
661 997 807 1074 pertuli?
850 996 883 1057 Si
913 996 992 1073 quid

235 1095 345 1156 minus
364 1095 415 1172 egi
431 1096 483 1155 vel
501 1094 653 1170 sustinui,
675 1103 806 1171 paratus
821 1111 894 1154 sum
917 1103 993 1154 ante

235 1194 409 1254 decessum
421 1209 531 1254 meum
542 1194 707 1270 supplere,
722 1192 822 1253 immo
838 1191 872 1251 in
887 1201 993 1251 morte
1084 1227 1085 1232 κ

235 1307 308 1351 mea
342 1308 439 1351 omne
475 1291 620 1351 debitum
663 1292 760 1368 plene
796 1289 992 1365 persolvam.

236 1388 347 1465 Itaque
378 1388 475 1449 hodie
506 1390 611 1450 habeo
642 1387 873 1449 consummari.
921 1387 992 1448 Nec
1084 1427 1086 1442 ,

201 1486 411 1548 interminum
434 1487 519 1548 vitae
541 1503 634 1547 meae
650 1486 773 1547 diutius
794 1485 899 1562 patior
920 1501 993 1561 pro·

236 1585 377 1661 longari,
408 1584 466 1644 sed
497 1584 638 1644 animam
661 1601 766 1644 meam
789 1600 847 1661 pro
875 1583 993 1643 ovibus

236 1682 319 1742 meis
341 1699 380 1742 ex
403 1681 534 1742 caritate
556 1698 647 1742 mera
665 1699 783 1758 ponam
805 1691 837 1741 et
851 1691 992 1741 mortem

236 1779 354 1855 carnis,
375 1796 472 1856 quam
494 1796 534 1839 ex
557 1779 665 1840 debito
694 1796 759 1840 non
781 1779 905 1855 merui,
933 1795 992 1854 pro

237 1877 354 1938 debitis
368 1887 575 1954 peccatorum
598 1886 715 1954 sponte
736 1879 796 1938 hac
818 1879 899 1937 hora
921 1894 993 1937 sus-

202 1975 365 2051 recipiam,
381 1990 446 2051 qua
461 1974 538 2035 novi
556 1975 698 2051 primum
715 1976 883 2036 hominem
893 1984 991 2051 gustu

236 2076 361 2137 arboris
396 2075 587 2136 interdictae
627 2084 764 2134 mortem
800 2082 992 2150 perpetuam

236 2172 424 2232 incurrisse.
476 2172 603 2232 Etenim
636 2187 719 2249 quae
750 2171 791 2232 de
821 2188 874 2231 me
906 2180 994 2245 sunt,

237 2269 334 2330 finem
371 2287 446 2330 mox
477 2270 652 2330 habebunt.
709 2269 775 2346 lam
807 2268 891 2328 ultra
927 2284 993 2328 non

236 2368 336 2426 multa
358 2367 457 2426 verba
478 2368 593 2444 loquar
614 2367 647 2427 in
670 2367 802 2441 mundo,
827 2365 905 2442 quia
927 2382 993 2425 non

198 2464 290 2529 eodiu
312 2465 366 2525 hic
388 2482 455 2540 ero,
477 2465 535 2525 sed
557 2465 596 2525 ad
613 2466 741 2525 Patrem
758 2462 888 2524 festino.
927 2462 992 2522 Iam

236 2561 343 2620 omnis
365 2561 456 2620 labor
475 2563 626 2638 cessabit,
648 2562 751 2639 fugiet
771 2561 864 2621 dolor
885 2568 919 2619 et
939 2576 995 2636 ge·

236 2659 351 2734 mitus‚
382 2675 489 2735 pugna
519 2660 684 2737 quiescet,
722 2657 873 2718 molestia
904 2657 995 2717 nulla

235 2756 409 2831 posthaec
432 2755 503 2831 erit,
524 2765 557 2816 et
571 2773 660 2816 mors
682 2755 753 2832 ipsa
773 2754 871 2814 simul
894 2753 995 2814 inter·
1082 2809 1083 2828 ἦ

235 2853 310 2928 ibit;
339 2869 404 2912 non
436 2864 536 2915 restat
570 2854 710 2929 amplius
745 2851 995 2929 perficiendum,

198 2969 226 3010 25
235 2949 299 3009 nisi
322 2960 356 3010 ut
380 2951 466 3012 Patri
489 2969 562 3012 meo
585 2951 735 3028 spiritum
764 2965 874 3010 meum
905 2965 994 3010 com·

236 3047 387 3108 mendem
416 3059 448 3109 et
477 3066 596 3125 corpus
624 3064 729 3125 usque
758 3046 790 3106 in
820 3046 907 3107 diem
931 3056 994 3106 ter·

235 3145 315 3205 tium
348 3145 539 3223 relinquam.
591 3145 677 3205 Novi
709 3144 873 3221 profecto,
905 3145 994 3220 quod
1081 3219 1082 3228 ἵ

235 3242 296 3302 viri
319 3243 563 3304 misericordiae
581 3259 647 3302 non
669 3241 760 3302 obliti
776 3241 899 3301 veteris
914 3241 995 3300 ami·

236 3339 331 3400 citiae
352 3341 469 3400 tollent
484 3340 564 3401 iilud
579 3357 692 3400 secum
709 3341 749 3400 ad
764 3338 993 3414 sepeliendum

199 3437 270 3500 aoin
292 3437 467 3512 sepulchro
489 3454 585 3497 novo.
627 3436 679 3497 Ad
694 3436 919 3497 ostensionem
936 3427 995 3512 i'gi·

236 3543 289 3592 tur
310 3533 417 3593 omnis
439 3533 552 3611 legalis
574 3533 716 3594 iustitiae
738 3532 918 3594 efficaciter
940 3533 995 3594 ad·
1080 3577 1081 3580 ,

598 3638 636 3680 176
