2194 4180
183 629 276 688 Hanc
292 637 399 690 autem
416 629 669 689 sacratissimam
685 628 896 688 resurrectio·

137 727 194 787 nis
222 735 296 786 tuae
326 725 535 787 festivitatem
565 725 634 786 sole
663 725 834 786 clariorem
864 735 896 786 et

139 823 294 885 omnibus
330 822 561 883 festivitatibus
596 823 672 883 anni
715 822 895 899 digniorem

140 920 278 982 sanxisti
301 921 364 981 ritu
386 929 544 998 perpetuo
566 921 605 980 ab
621 919 773 980 omnibus
795 918 896 980 fideli-

138 1022 204 1081 bus
225 1035 284 1095 per
305 1020 416 1079 orbem
439 1017 619 1078 laetissimo
641 1016 739 1077 corde
767 1025 800 1076 et
821 1033 921 1077 con-5

139 1133 224 1178 sona
254 1133 336 1176 voce
368 1116 401 1177 in
432 1116 566 1193 hymnis
597 1125 630 1176 et
659 1114 794 1192 psalmis
823 1131 896 1174 cum

139 1216 271 1277 alleluia
294 1214 456 1292 frequenti
479 1214 674 1291 repetitione
695 1211 899 1272 sollemniter

139 1312 368 1372 celebrandam
405 1328 442 1372 ac
474 1311 561 1372 felici
586 1309 897 1371 commemoratione

139 1426 217 1469 curn
238 1408 414 1485 gratiarum
437 1409 565 1469 actione
594 1407 786 1484 dignissime
807 1423 897 1466 reco-

139 1507 282 1568 lendam.
909 1525 934 1567 10

185 1605 220 1665 ln
243 1608 303 1666 hac
326 1605 468 1682 denique
490 1614 586 1666 nocte
609 1604 819 1665 cernentibus
843 1621 898 1664 an·

138 1702 225 1781 gelis
261 1712 294 1763 et
328 1703 607 1780 congaudentibus
637 1703 694 1763 tibi
723 1702 763 1762 de
796 1701 897 1761 nobili

137 1801 307 1876 triumpho
329 1801 444 1861 mortis
466 1809 499 1862 et
526 1801 646 1862 inlemi
675 1798 898 1860 devastatione

138 1897 344 1959 aeternitatis
364 1898 461 1958 nobis
482 1898 603 1958 aditum
632 1896 898 1972 misericorditer,

139 2013 202 2057 rex
228 1994 380 2072 Christe,
411 1996 582 2072 reserasti,
617 1995 702 2055 sicut
729 2002 824 2054 antea
852 1993 934 2056 di·rs

139 2093 279 2170 scipulis
301 2093 367 2154 tuis
387 2095 593 2171 praedixisti,
623 2103 656 2154 et
686 2093 767 2169 ipsis
792 2092 898 2153 adhuc

139 2191 368 2252 nescientibus
390 2193 505 2252 stolam
527 2190 661 2268 gloriosi
683 2189 830 2266 corporis
851 2189 897 2250 tui

139 2288 323 2350 laetissime
352 2288 497 2350 induisti.
546 2287 636 2348 Tunc
665 2288 839 2348 doluerunt
867 2297 899 2348 et

138 2385 374 2462 ingemuerunt
388 2402 504 2446 omnes
514 2385 679 2462 principes
689 2386 896 2445 tenebrarum

141 2483 187 2544 ob
208 2482 387 2543 claritatem
410 2484 520 2544 vultus
541 2482 588 2542 tui
613 2481 647 2542 in
676 2484 818 2542 humana
845 2499 900 2542 na·
914 2502 941 2544 ao

141 2561 226 2642 tura.
269 2579 307 2640 Et
330 2580 436 2641 factus
458 2590 508 2641 est
530 2579 627 2640 etiam
656 2589 763 2640 terrae
792 2589 901 2639 motus

140 2694 292 2754 magnus,
317 2687 349 2738 et
370 2677 469 2737 timor
490 2676 649 2737 militibus
670 2675 825 2736 incussus
847 2692 901 2735 cu-

140 2774 363 2837 stodientibus
384 2775 595 2851 sepulchrum
617 2790 691 2833 cum
712 2772 832 2832 virtute
853 2790 902 2832 ar-

140 2889 284 2949 morum,
306 2872 361 2949 qui
378 2871 487 2932 statim
511 2870 585 2931 facti
608 2879 684 2930 sunt
705 2870 795 2929 velut
817 2886 902 2930 mor·

141 2970 191 3032 tui
224 2987 264 3030 ex
294 2979 400 3030 terrae
431 2978 521 3029 motu
553 2978 585 3028 et
614 2967 744 3028 insolita
774 2966 939 3027 visioneas

141 3068 345 3144 angelorum.
397 3066 481 3127 Nam
513 3066 648 3142 angelus
680 3064 812 3125 Domini
848 3064 902 3124 de·

141 3166 309 3227 scendens
331 3165 372 3225 de
394 3165 485 3224 caelo
507 3173 540 3224 et
561 3163 659 3224 niveo
676 3162 817 3222 candore
840 3162 900 3221 ful·

141 3279 227 3342 gens
248 3262 403 3339 grandem
427 3261 567 3338 lapidem
590 3260 729 3320 removit
750 3276 768 3317 a
789 3275 903 3318 monu-

143 3371 258 3422 mento
280 3361 365 3421 viam
388 3369 509 3420 rectam
532 3367 564 3418 et
585 3366 686 3417 tutam
707 3372 903 3432 praeparans

143 3458 270 3520 sanctis
291 3456 485 3518 mulieribus
506 3453 716 3515 venientibus
737 3470 811 3512 cum
834 3469 940 3516 aro-ao

143 3557 290 3619 matibus
321 3553 475 3632 pretiosis
506 3553 546 3613 ad
577 3552 763 3629 ungendum
795 3552 902 3612 denuo

507 3657 548 3700 uc
