<?xml version="1.0" encoding="UTF-8"?>
<!DOCTYPE html PUBLIC "-//W3C//DTD XHTML 1.0 Transitional//EN"
    "http://www.w3.org/TR/xhtml1/DTD/xhtml1-transitional.dtd">
<html xmlns="http://www.w3.org/1999/xhtml" xml:lang="en" lang="en">
 <head>
  <title>
</title>
<meta http-equiv="Content-Type" content="text/html;charset=utf-8" />
  <meta name='ocr-system' content='tesseract 3.04.00' />
  <meta name='ocr-capabilities' content='ocr_page ocr_carea ocr_par ocr_line ocrx_word'/>
</head>
<body>
  <div class='ocr_page' id='page_1' title='image "./thomaehemerkena02pohlgoog_0161.png"; bbox 0 0 2152 4174; ppageno 0'>
   <div class='ocr_carea' id='block_1_1' title="bbox 235 445 1074 555">
    <p class='ocr_par' dir='ltr' id='par_1_1' title="bbox 235 445 1074 555">
     <span class='ocr_line' id='line_1_1' title="bbox 235 445 1074 555; baseline 0 -1"><span class='ocrx_word' id='word_1_1' title='bbox 235 445 513 553; x_wconf 40' lang='grc' dir='ltr'><strong>ΨΜ</strong></span> <span class='ocrx_word' id='word_1_2' title='bbox 561 447 983 555; x_wconf 45' lang='lat' dir='ltr'><strong>laam&amp;</strong></span> <span class='ocrx_word' id='word_1_3' title='bbox 1073 449 1074 512; x_wconf 66' lang='lat'>³</span> 
     </span>
    </p>
   </div>
   <div class='ocr_carea' id='block_1_2' title="bbox 193 629 1074 1886">
    <p class='ocr_par' dir='ltr' id='par_1_2' title="bbox 193 629 1074 1886">
     <span class='ocr_line' id='line_1_2' title="bbox 227 629 1074 708; baseline 0.002 -15"><span class='ocrx_word' id='word_1_4' title='bbox 227 633 333 693; x_wconf 79' lang='lat' dir='ltr'><strong>Amen</strong></span> <span class='ocrx_word' id='word_1_5' title='bbox 363 633 435 693; x_wconf 92' lang='lat' dir='ltr'><strong>dico</strong></span> <span class='ocrx_word' id='word_1_6' title='bbox 464 632 539 708; x_wconf 93' lang='lat' dir='ltr'><strong>tibi,</strong></span> <span class='ocrx_word' id='word_1_7' title='bbox 570 633 667 693; x_wconf 92' lang='lat' dir='ltr'><strong>hodie</strong></span> <span class='ocrx_word' id='word_1_8' title='bbox 696 651 824 694; x_wconf 92' lang='lat' dir='ltr'><strong>mecum</strong></span> <span class='ocrx_word' id='word_1_9' title='bbox 854 635 923 695; x_wconf 89' lang='lat' dir='ltr'><strong>eris</strong></span> <span class='ocrx_word' id='word_1_10' title='bbox 951 635 986 694; x_wconf 93' lang='lat' dir='ltr'><strong>in</strong></span> <span class='ocrx_word' id='word_1_11' title='bbox 1073 629 1074 634; x_wconf 66' lang='grc'>’</span> 
     </span>
     <span class='ocr_line' id='line_1_3' title="bbox 227 731 1073 807; baseline 0 -17"><span class='ocrx_word' id='word_1_12' title='bbox 227 731 387 807; x_wconf 82' lang='lat' dir='ltr'>paradiso.</span> <span class='ocrx_word' id='word_1_13' title='bbox 1072 731 1073 804; x_wconf 63' lang='grc' dir='ltr'>ζ</span> 
     </span>
     <span class='ocr_line' id='line_1_4' title="bbox 267 813 1073 891; baseline -0.002 0"><span class='ocrx_word' id='word_1_14' title='bbox 267 829 297 891; x_wconf 95' lang='lat' dir='ltr'>O</span> <span class='ocrx_word' id='word_1_15' title='bbox 320 847 397 890; x_wconf 93' lang='lat' dir='ltr'><strong>vere</strong></span> <span class='ocrx_word' id='word_1_16' title='bbox 419 830 514 889; x_wconf 87' lang='lat' dir='ltr'>dulce</span> <span class='ocrx_word' id='word_1_17' title='bbox 532 839 564 890; x_wconf 89' lang='lat' dir='ltr'><strong>et</strong></span> <span class='ocrx_word' id='word_1_18' title='bbox 578 829 677 889; x_wconf 91' lang='lat' dir='ltr'><strong>nimis</strong></span> <span class='ocrx_word' id='word_1_19' title='bbox 693 828 830 888; x_wconf 82' lang='lat' dir='ltr'><strong>amabile</strong></span> <span class='ocrx_word' id='word_1_20' title='bbox 846 830 984 889; x_wconf 91' lang='lat' dir='ltr'><strong>verbum</strong></span> <span class='ocrx_word' id='word_1_21' title='bbox 1072 813 1073 858; x_wconf 58' lang='lat'><em>³</em></span> 
     </span>
     <span class='ocr_line' id='line_1_5' title="bbox 227 926 985 1002; baseline 0.001 -16"><span class='ocrx_word' id='word_1_22' title='bbox 227 945 266 986; x_wconf 87' lang='lat' dir='ltr'><strong>ex</strong></span> <span class='ocrx_word' id='word_1_23' title='bbox 293 944 350 987; x_wconf 94' lang='lat' dir='ltr'><strong>ore</strong></span> <span class='ocrx_word' id='word_1_24' title='bbox 373 927 434 987; x_wconf 88' lang='lat' dir='ltr'><strong>Dei</strong></span> <span class='ocrx_word' id='word_1_25' title='bbox 457 927 602 987; x_wconf 85' lang='lat' dir='ltr'><strong>suaviter</strong></span> <span class='ocrx_word' id='word_1_26' title='bbox 630 926 831 1002; x_wconf 77' lang='lat' dir='ltr'><strong>procedenS,</strong></span> <span class='ocrx_word' id='word_1_27' title='bbox 862 928 921 987; x_wconf 93' lang='lat' dir='ltr'><strong>sed</strong></span> <span class='ocrx_word' id='word_1_28' title='bbox 951 927 985 987; x_wconf 91' lang='lat' dir='ltr'><strong>in</strong></span> 
     </span>
     <span class='ocr_line' id='line_1_6' title="bbox 204 1025 986 1102; baseline 0.001 -19"><span class='ocrx_word' id='word_1_29' title='bbox 204 1041 304 1085; x_wconf 80' lang='lat' dir='ltr'><strong>saure</strong></span> <span class='ocrx_word' id='word_1_30' title='bbox 337 1025 465 1085; x_wconf 87' lang='lat' dir='ltr'>contriti</span> <span class='ocrx_word' id='word_1_31' title='bbox 497 1025 679 1102; x_wconf 90' lang='lat' dir='ltr'><strong>peccatoris</strong></span> <span class='ocrx_word' id='word_1_32' title='bbox 711 1025 743 1084; x_wconf 92' lang='lat' dir='ltr'><strong>in</strong></span> <span class='ocrx_word' id='word_1_33' title='bbox 775 1041 878 1102; x_wconf 90' lang='lat' dir='ltr'><strong>agone</strong></span> <span class='ocrx_word' id='word_1_34' title='bbox 909 1042 986 1084; x_wconf 92' lang='lat' dir='ltr'><strong>con·</strong></span> 
     </span>
     <span class='ocr_line' id='line_1_7' title="bbox 227 1122 985 1198; baseline 0.001 -16"><span class='ocrx_word' id='word_1_35' title='bbox 227 1123 329 1182; x_wconf 89' lang='lat' dir='ltr'><strong>stituti</strong></span> <span class='ocrx_word' id='word_1_36' title='bbox 345 1123 480 1183; x_wconf 88' lang='lat' dir='ltr'><strong>suavius</strong></span> <span class='ocrx_word' id='word_1_37' title='bbox 497 1123 665 1198; x_wconf 76' lang='lat' dir='ltr'><strong>insonanS,</strong></span> <span class='ocrx_word' id='word_1_38' title='bbox 687 1132 718 1182; x_wconf 92' lang='lat' dir='ltr'><strong>et</strong></span> <span class='ocrx_word' id='word_1_39' title='bbox 741 1140 797 1182; x_wconf 92' lang='lat' dir='ltr'><strong>cor</strong></span> <span class='ocrx_word' id='word_1_40' title='bbox 818 1122 985 1183; x_wconf 87' lang='lat' dir='ltr'><strong>anxiatum</strong></span> 
     </span>
     <span class='ocr_line' id='line_1_8' title="bbox 226 1219 986 1298; baseline 0.001 -18"><span class='ocrx_word' id='word_1_41' title='bbox 226 1221 445 1298; x_wconf 91' lang='lat' dir='ltr'><strong>pavidumque</strong></span> <span class='ocrx_word' id='word_1_42' title='bbox 465 1222 498 1281; x_wconf 91' lang='lat' dir='ltr'><strong>in</strong></span> <span class='ocrx_word' id='word_1_43' title='bbox 520 1221 575 1281; x_wconf 92' lang='lat' dir='ltr'><strong>tali</strong></span> <span class='ocrx_word' id='word_1_44' title='bbox 596 1223 676 1280; x_wconf 89' lang='lat' dir='ltr'><strong>hora</strong></span> <span class='ocrx_word' id='word_1_45' title='bbox 691 1219 893 1281; x_wconf 86' lang='lat' dir='ltr'><strong>validissime</strong></span> <span class='ocrx_word' id='word_1_46' title='bbox 909 1237 986 1281; x_wconf 93' lang='lat' dir='ltr'><strong>con·</strong></span> 
     </span>
     <span class='ocr_line' id='line_1_9' title="bbox 228 1318 1074 1396; baseline 0 -18"><span class='ocrx_word' id='word_1_47' title='bbox 228 1318 360 1380; x_wconf 81' lang='lat' dir='ltr'><strong>fortans.</strong></span> <span class='ocrx_word' id='word_1_48' title='bbox 390 1319 419 1381; x_wconf 96' lang='grc' dir='ltr'>Ο</span> <span class='ocrx_word' id='word_1_49' title='bbox 436 1337 532 1396; x_wconf 89' lang='lat' dir='ltr'><strong>quam</strong></span> <span class='ocrx_word' id='word_1_50' title='bbox 548 1337 665 1380; x_wconf 93' lang='lat' dir='ltr'><strong>secure</strong></span> <span class='ocrx_word' id='word_1_51' title='bbox 687 1319 750 1379; x_wconf 94' lang='lat' dir='ltr'><strong>iam</strong></span> <span class='ocrx_word' id='word_1_52' title='bbox 767 1319 849 1379; x_wconf 93' lang='lat' dir='ltr'><strong>mori</strong></span> <span class='ocrx_word' id='word_1_53' title='bbox 866 1329 985 1396; x_wconf 88' lang='lat' dir='ltr'><strong>potest,</strong></span> <span class='ocrx_word' id='word_1_54' title='bbox 1073 1343 1074 1372; x_wconf 64' lang='grc' dir='ltr'>ι</span> 
     </span>
     <span class='ocr_line' id='line_1_10' title="bbox 227 1407 1074 1494; baseline 0 -18"><span class='ocrx_word' id='word_1_55' title='bbox 227 1417 278 1476; x_wconf 92' lang='lat' dir='ltr'><strong>cui</strong></span> <span class='ocrx_word' id='word_1_56' title='bbox 298 1418 362 1477; x_wconf 89' lang='lat' dir='ltr'><strong>tale</strong></span> <span class='ocrx_word' id='word_1_57' title='bbox 384 1418 582 1494; x_wconf 90' lang='lat' dir='ltr'><strong>promissum</strong></span> <span class='ocrx_word' id='word_1_58' title='bbox 605 1416 717 1477; x_wconf 90' lang='lat' dir='ltr'><strong>audire</strong></span> <span class='ocrx_word' id='word_1_59' title='bbox 742 1417 896 1476; x_wconf 92' lang='lat' dir='ltr'><strong>donatum</strong></span> <span class='ocrx_word' id='word_1_60' title='bbox 920 1417 985 1477; x_wconf 80' lang='lat' dir='ltr'><strong>esti</strong></span> <span class='ocrx_word' id='word_1_61' title='bbox 1073 1407 1074 1434; x_wconf 74' lang='lat'><em>³</em></span> 
     </span>
     <span class='ocr_line' id='line_1_11' title="bbox 193 1513 982 1590; baseline 0.005 -20"><span class='ocrx_word' id='word_1_62' title='bbox 193 1517 302 1576; x_wconf 82' lang='lat' dir='ltr'><strong>roNon</strong></span> <span class='ocrx_word' id='word_1_63' title='bbox 331 1515 418 1575; x_wconf 89' lang='lat' dir='ltr'><strong>enim</strong></span> <span class='ocrx_word' id='word_1_64' title='bbox 449 1515 482 1574; x_wconf 93' lang='lat' dir='ltr'><strong>in</strong></span> <span class='ocrx_word' id='word_1_65' title='bbox 512 1514 564 1574; x_wconf 90' lang='lat' dir='ltr'><strong>die</strong></span> <span class='ocrx_word' id='word_1_66' title='bbox 596 1513 680 1573; x_wconf 88' lang='lat' dir='ltr'><strong>mala</strong></span> <span class='ocrx_word' id='word_1_67' title='bbox 709 1513 852 1589; x_wconf 90' lang='lat' dir='ltr'><strong>timebit,</strong></span> <span class='ocrx_word' id='word_1_68' title='bbox 885 1531 982 1590; x_wconf 92' lang='lat' dir='ltr'><strong>quem</strong></span> 
     </span>
     <span class='ocr_line' id='line_1_12' title="bbox 228 1610 984 1674; baseline -0.007 0"><span class='ocrx_word' id='word_1_69' title='bbox 228 1613 389 1674; x_wconf 89' lang='lat' dir='ltr'><strong>Dominus</strong></span> <span class='ocrx_word' id='word_1_70' title='bbox 402 1613 495 1672; x_wconf 92' lang='lat' dir='ltr'><strong>lesus</strong></span> <span class='ocrx_word' id='word_1_71' title='bbox 510 1612 543 1671; x_wconf 91' lang='lat' dir='ltr'><strong>in</strong></span> <span class='ocrx_word' id='word_1_72' title='bbox 559 1629 651 1672; x_wconf 90' lang='lat' dir='ltr'><strong>suam</strong></span> <span class='ocrx_word' id='word_1_73' title='bbox 668 1610 895 1671; x_wconf 79' lang='lat' dir='ltr'><strong>defensionem</strong></span> <span class='ocrx_word' id='word_1_74' title='bbox 913 1627 984 1670; x_wconf 92' lang='lat' dir='ltr'><strong>sus-</strong></span> 
     </span>
     <span class='ocr_line' id='line_1_13' title="bbox 227 1707 984 1788; baseline -0.007 -17"><span class='ocrx_word' id='word_1_75' title='bbox 227 1711 321 1788; x_wconf 86' lang='lat' dir='ltr'><strong>cepit.</strong></span> <span class='ocrx_word' id='word_1_76' title='bbox 352 1710 470 1769; x_wconf 89' lang='lat' dir='ltr'><strong>Datum</strong></span> <span class='ocrx_word' id='word_1_77' title='bbox 493 1717 543 1769; x_wconf 90' lang='lat' dir='ltr'><strong>est</strong></span> <span class='ocrx_word' id='word_1_78' title='bbox 560 1707 637 1768; x_wconf 92' lang='lat' dir='ltr'><strong>huic</strong></span> <span class='ocrx_word' id='word_1_79' title='bbox 662 1707 778 1768; x_wconf 90' lang='lat' dir='ltr'><strong>latroni</strong></span> <span class='ocrx_word' id='word_1_80' title='bbox 803 1707 984 1783; x_wconf 82' lang='lat' dir='ltr'><strong>confitenti,</strong></span> 
     </span>
     <span class='ocr_line' id='line_1_14' title="bbox 227 1805 983 1886; baseline -0.008 -17"><span class='ocrx_word' id='word_1_81' title='bbox 227 1810 313 1886; x_wconf 93' lang='lat' dir='ltr'><strong>quod</strong></span> <span class='ocrx_word' id='word_1_82' title='bbox 355 1817 506 1885; x_wconf 90' lang='lat' dir='ltr'><strong>negatum</strong></span> <span class='ocrx_word' id='word_1_83' title='bbox 549 1815 600 1867; x_wconf 88' lang='lat' dir='ltr'><strong>est</strong></span> <span class='ocrx_word' id='word_1_84' title='bbox 643 1808 739 1866; x_wconf 86' lang='lat' dir='ltr'><strong>Petro</strong></span> <span class='ocrx_word' id='word_1_85' title='bbox 784 1805 983 1881; x_wconf 89' lang='lat' dir='ltr'><strong>deprecanti.</strong></span> 
     </span>
    </p>
   </div>
   <div class='ocr_carea' id='block_1_3' title="bbox 228 1903 1074 1983">
    <p class='ocr_par' dir='ltr' id='par_1_3' title="bbox 228 1903 1074 1983">
     <span class='ocr_line' id='line_1_15' title="bbox 228 1903 1074 1983; baseline -0.006 -15"><span class='ocrx_word' id='word_1_86' title='bbox 228 1909 345 1968; x_wconf 88' lang='lat' dir='ltr'><strong>Petrus</strong></span> <span class='ocrx_word' id='word_1_87' title='bbox 374 1906 523 1983; x_wconf 91' lang='lat' dir='ltr'><strong>cupiebat</strong></span> <span class='ocrx_word' id='word_1_88' title='bbox 549 1905 582 1964; x_wconf 91' lang='lat' dir='ltr'><strong>in</strong></span> <span class='ocrx_word' id='word_1_89' title='bbox 605 1915 715 1965; x_wconf 93' lang='lat' dir='ltr'><strong>monte</strong></span> <span class='ocrx_word' id='word_1_90' title='bbox 738 1904 983 1981; x_wconf 87' lang='lat' dir='ltr'><strong>contemplatio·</strong></span> <span class='ocrx_word' id='word_1_91' title='bbox 1073 1903 1074 1906; x_wconf 72' lang='grc'>’</span> 
     </span>
    </p>
   </div>
   <div class='ocr_carea' id='block_1_4' title="bbox 192 2002 981 2176">
    <p class='ocr_par' dir='ltr' id='par_1_4' title="bbox 192 2002 981 2176">
     <span class='ocr_line' id='line_1_16' title="bbox 192 2002 981 2079; baseline 0.003 -19"><span class='ocrx_word' id='word_1_92' title='bbox 192 2020 216 2061; x_wconf 86' lang='lat'><strong>15</strong></span> <span class='ocrx_word' id='word_1_93' title='bbox 226 2005 279 2064; x_wconf 89' lang='lat' dir='ltr'><strong>nis</strong></span> <span class='ocrx_word' id='word_1_94' title='bbox 300 2004 511 2078; x_wconf 89' lang='lat' dir='ltr'><strong>commorari,</strong></span> <span class='ocrx_word' id='word_1_95' title='bbox 540 2003 598 2062; x_wconf 91' lang='lat' dir='ltr'><strong>sed</strong></span> <span class='ocrx_word' id='word_1_96' title='bbox 620 2002 774 2079; x_wconf 89' lang='lat' dir='ltr'><strong>nequibat</strong></span> <span class='ocrx_word' id='word_1_97' title='bbox 796 2002 981 2079; x_wconf 90' lang='lat' dir='ltr'><strong>impetrare.</strong></span> 
     </span>
     <span class='ocr_line' id='line_1_17' title="bbox 226 2099 981 2176; baseline -0.001 -15"><span class='ocrx_word' id='word_1_98' title='bbox 226 2101 363 2172; x_wconf 84' lang='lat' dir='ltr'><strong>Volebat</strong></span> <span class='ocrx_word' id='word_1_99' title='bbox 391 2100 487 2160; x_wconf 92' lang='lat' dir='ltr'><strong>etiam</strong></span> <span class='ocrx_word' id='word_1_100' title='bbox 517 2109 591 2159; x_wconf 92' lang='lat' dir='ltr'><strong>ante</strong></span> <span class='ocrx_word' id='word_1_101' title='bbox 613 2100 726 2159; x_wconf 89' lang='lat' dir='ltr'><strong>horam</strong></span> <span class='ocrx_word' id='word_1_102' title='bbox 756 2099 921 2176; x_wconf 89' lang='lat' dir='ltr'><strong>passionis</strong></span> <span class='ocrx_word' id='word_1_103' title='bbox 943 2101 981 2160; x_wconf 92' lang='lat' dir='ltr'><strong>ad</strong></span> 
     </span>
    </p>
   </div>
   <div class='ocr_carea' id='block_1_5' title="bbox 226 2197 1073 2274">
    <p class='ocr_par' dir='ltr' id='par_1_5' title="bbox 226 2197 1073 2274">
     <span class='ocr_line' id='line_1_18' title="bbox 226 2197 1073 2274; baseline -0.001 -16"><span class='ocrx_word' id='word_1_104' title='bbox 226 2198 335 2259; x_wconf 95' lang='lat' dir='ltr'><strong>omnia</strong></span> <span class='ocrx_word' id='word_1_105' title='bbox 365 2197 476 2274; x_wconf 90' lang='lat' dir='ltr'><strong>sequi,</strong></span> <span class='ocrx_word' id='word_1_106' title='bbox 507 2198 565 2257; x_wconf 89' lang='lat' dir='ltr'><strong>sed</strong></span> <span class='ocrx_word' id='word_1_107' title='bbox 597 2197 717 2257; x_wconf 89' lang='lat' dir='ltr'><strong>dictum</strong></span> <span class='ocrx_word' id='word_1_108' title='bbox 747 2207 797 2257; x_wconf 89' lang='lat' dir='ltr'><strong>est</strong></span> <span class='ocrx_word' id='word_1_109' title='bbox 826 2197 873 2257; x_wconf 92' lang='lat' dir='ltr'><strong>ei:</strong></span> <span class='ocrx_word' id='word_1_110' title='bbox 907 2198 979 2257; x_wconf 93' lang='lat' dir='ltr'><strong>Non</strong></span> <span class='ocrx_word' id='word_1_111' title='bbox 1072 2203 1073 2224; x_wconf 67' lang='lat'>¹</span> 
     </span>
    </p>
   </div>
   <div class='ocr_carea' id='block_1_6' title="bbox 226 2294 979 2374">
    <p class='ocr_par' dir='ltr' id='par_1_6' title="bbox 226 2294 979 2374">
     <span class='ocr_line' id='line_1_19' title="bbox 226 2294 979 2374; baseline -0.004 -16"><span class='ocrx_word' id='word_1_112' title='bbox 226 2307 319 2374; x_wconf 91' lang='lat' dir='ltr'><strong>potes</strong></span> <span class='ocrx_word' id='word_1_113' title='bbox 347 2314 400 2357; x_wconf 91' lang='lat' dir='ltr'><strong>me</strong></span> <span class='ocrx_word' id='word_1_114' title='bbox 431 2295 527 2355; x_wconf 95' lang='lat' dir='ltr'><strong>modo</strong></span> <span class='ocrx_word' id='word_1_115' title='bbox 557 2294 668 2371; x_wconf 89' lang='lat' dir='ltr'><strong>sequi,</strong></span> <span class='ocrx_word' id='word_1_116' title='bbox 697 2295 846 2371; x_wconf 91' lang='lat' dir='ltr'><strong>sequeris</strong></span> <span class='ocrx_word' id='word_1_117' title='bbox 871 2305 979 2355; x_wconf 90' lang='lat' dir='ltr'><strong>autem</strong></span> 
     </span>
    </p>
   </div>
   <div class='ocr_carea' id='block_1_7' title="bbox 226 2392 1073 2472">
    <p class='ocr_par' dir='ltr' id='par_1_7' title="bbox 226 2392 1073 2472">
     <span class='ocr_line' id='line_1_20' title="bbox 226 2392 1073 2472; baseline -0.007 -15"><span class='ocrx_word' id='word_1_118' title='bbox 226 2406 347 2472; x_wconf 86' lang='lat' dir='ltr'><strong>postea.</strong></span> <span class='ocrx_word' id='word_1_119' title='bbox 405 2395 522 2454; x_wconf 89' lang='lat' dir='ltr'><strong>Petrus</strong></span> <span class='ocrx_word' id='word_1_120' title='bbox 557 2393 596 2451; x_wconf 89' lang='lat' dir='ltr'><strong>ad</strong></span> <span class='ocrx_word' id='word_1_121' title='bbox 636 2392 849 2467; x_wconf 88' lang='lat' dir='ltr'><strong>apostolatum</strong></span> <span class='ocrx_word' id='word_1_122' title='bbox 893 2392 982 2467; x_wconf 89' lang='lat' dir='ltr'><strong>prior</strong></span> <span class='ocrx_word' id='word_1_123' title='bbox 1072 2401 1073 2408; x_wconf 74' lang='grc'>’</span> 
     </span>
    </p>
   </div>
   <div class='ocr_carea' id='block_1_8' title="bbox 189 2489 981 2567">
    <p class='ocr_par' dir='ltr' id='par_1_8' title="bbox 189 2489 981 2567">
     <span class='ocr_line' id='line_1_21' title="bbox 189 2489 981 2567; baseline -0.003 -17"><span class='ocrx_word' id='word_1_124' title='bbox 189 2504 361 2554; x_wconf 84' lang='lat' dir='ltr'><strong>aovocatus</strong></span> <span class='ocrx_word' id='word_1_125' title='bbox 389 2503 456 2567; x_wconf 91' lang='lat' dir='ltr'><strong>est,</strong></span> <span class='ocrx_word' id='word_1_126' title='bbox 484 2491 542 2550; x_wconf 91' lang='lat' dir='ltr'><strong>sed</strong></span> <span class='ocrx_word' id='word_1_127' title='bbox 573 2491 652 2549; x_wconf 90' lang='lat' dir='ltr'><strong>latro</strong></span> <span class='ocrx_word' id='word_1_128' title='bbox 681 2490 743 2550; x_wconf 88' lang='lat' dir='ltr'><strong>iste</strong></span> <span class='ocrx_word' id='word_1_129' title='bbox 770 2489 858 2566; x_wconf 93' lang='lat' dir='ltr'><strong>prior</strong></span> <span class='ocrx_word' id='word_1_130' title='bbox 880 2506 920 2549; x_wconf 92' lang='lat' dir='ltr'><strong>eo</strong></span> <span class='ocrx_word' id='word_1_131' title='bbox 944 2489 981 2549; x_wconf 91' lang='lat' dir='ltr'><strong>ad</strong></span> 
     </span>
    </p>
   </div>
   <div class='ocr_carea' id='block_1_9' title="bbox 227 2583 1073 2668">
    <p class='ocr_par' dir='ltr' id='par_1_9' title="bbox 227 2583 1073 2668">
     <span class='ocr_line' id='line_1_22' title="bbox 227 2583 1073 2668; baseline -0.007 -17"><span class='ocrx_word' id='word_1_132' title='bbox 227 2608 361 2668; x_wconf 91' lang='lat' dir='ltr'><strong>regnum</strong></span> <span class='ocrx_word' id='word_1_133' title='bbox 391 2589 605 2650; x_wconf 79' lang='lat' dir='ltr'><strong>introductus</strong></span> <span class='ocrx_word' id='word_1_134' title='bbox 648 2586 678 2648; x_wconf 95' lang='lat' dir='ltr'>O</span> <span class='ocrx_word' id='word_1_135' title='bbox 701 2604 796 2664; x_wconf 86' lang='lat' dir='ltr'><strong>quam</strong></span> <span class='ocrx_word' id='word_1_136' title='bbox 821 2586 982 2646; x_wconf 88' lang='lat' dir='ltr'><strong>mirabilia</strong></span> <span class='ocrx_word' id='word_1_137' title='bbox 1072 2583 1073 2586; x_wconf 69' lang='grc'>’</span> 
     </span>
    </p>
   </div>
   <div class='ocr_carea' id='block_1_10' title="bbox 226 2684 982 2764">
    <p class='ocr_par' dir='ltr' id='par_1_10' title="bbox 226 2684 982 2764">
     <span class='ocr_line' id='line_1_23' title="bbox 226 2684 982 2764; baseline -0.003 -16"><span class='ocrx_word' id='word_1_138' title='bbox 226 2699 302 2749; x_wconf 91' lang='lat' dir='ltr'><strong>sunt</strong></span> <span class='ocrx_word' id='word_1_139' title='bbox 317 2696 494 2764; x_wconf 88' lang='lat' dir='ltr'><strong>operatua,</strong></span> <span class='ocrx_word' id='word_1_140' title='bbox 513 2685 664 2760; x_wconf 89' lang='lat' dir='ltr'><strong>Domine,</strong></span> <span class='ocrx_word' id='word_1_141' title='bbox 685 2684 785 2744; x_wconf 89' lang='lat' dir='ltr'><strong>nimis</strong></span> <span class='ocrx_word' id='word_1_142' title='bbox 800 2685 982 2761; x_wconf 78' lang='lat' dir='ltr'><strong>profundae</strong></span> 
     </span>
    </p>
   </div>
   <div class='ocr_carea' id='block_1_11' title="bbox 189 2776 1073 3056">
    <p class='ocr_par' dir='ltr' id='par_1_11' title="bbox 189 2776 1073 3056">
     <span class='ocr_line' id='line_1_24' title="bbox 227 2776 1073 2860; baseline -0.006 -13"><span class='ocrx_word' id='word_1_143' title='bbox 227 2787 329 2847; x_wconf 85' lang='lat' dir='ltr'><strong>factae</strong></span> <span class='ocrx_word' id='word_1_144' title='bbox 358 2794 434 2846; x_wconf 91' lang='lat' dir='ltr'><strong>sunt</strong></span> <span class='ocrx_word' id='word_1_145' title='bbox 463 2783 676 2860; x_wconf 89' lang='lat' dir='ltr'><strong>cogitationes</strong></span> <span class='ocrx_word' id='word_1_146' title='bbox 704 2776 788 2842; x_wconf 79' lang='lat' dir='ltr'><strong>fuae.</strong></span> <span class='ocrx_word' id='word_1_147' title='bbox 831 2782 861 2844; x_wconf 95' lang='lat' dir='ltr'>O</span> <span class='ocrx_word' id='word_1_148' title='bbox 884 2800 981 2859; x_wconf 87' lang='lat' dir='ltr'><strong>quam</strong></span> <span class='ocrx_word' id='word_1_149' title='bbox 1072 2805 1073 2814; x_wconf 50' lang='lat'>¹</span> 
     </span>
     <span class='ocr_line' id='line_1_25' title="bbox 226 2880 1073 2957; baseline -0.004 -14"><span class='ocrx_word' id='word_1_150' title='bbox 226 2882 448 2944; x_wconf 88' lang='lat' dir='ltr'><strong>inscrutabilia</strong></span> <span class='ocrx_word' id='word_1_151' title='bbox 476 2890 553 2941; x_wconf 88' lang='lat' dir='ltr'><strong>sunt</strong></span> <span class='ocrx_word' id='word_1_152' title='bbox 581 2880 700 2940; x_wconf 88' lang='lat' dir='ltr'><strong>iudicia</strong></span> <span class='ocrx_word' id='word_1_153' title='bbox 728 2890 799 2956; x_wconf 94' lang='lat' dir='ltr'><strong>tua,</strong></span> <span class='ocrx_word' id='word_1_154' title='bbox 827 2891 859 2941; x_wconf 93' lang='lat' dir='ltr'><strong>et</strong></span> <span class='ocrx_word' id='word_1_155' title='bbox 884 2898 981 2957; x_wconf 90' lang='lat' dir='ltr'><strong>quam</strong></span> <span class='ocrx_word' id='word_1_156' title='bbox 1072 2915 1073 2940; x_wconf 77' lang='lat' dir='ltr'><strong>l</strong></span> 
     </span>
     <span class='ocr_line' id='line_1_26' title="bbox 189 2977 1073 3056; baseline -0.005 -14"><span class='ocrx_word' id='word_1_157' title='bbox 189 2999 216 3042; x_wconf 81' lang='lat' dir='ltr'><strong>as</strong></span> <span class='ocrx_word' id='word_1_158' title='bbox 226 2980 454 3042; x_wconf 86' lang='lat' dir='ltr'><strong>inenarrabilia</strong></span> <span class='ocrx_word' id='word_1_159' title='bbox 468 2980 567 3040; x_wconf 86' lang='lat' dir='ltr'><strong>verba</strong></span> <span class='ocrx_word' id='word_1_160' title='bbox 582 2978 649 3038; x_wconf 91' lang='lat' dir='ltr'><strong>oris</strong></span> <span class='ocrx_word' id='word_1_161' title='bbox 664 2978 720 3038; x_wconf 90' lang='lat' dir='ltr'><strong>tui.</strong></span> <span class='ocrx_word' id='word_1_162' title='bbox 747 2977 806 3038; x_wconf 93' lang='lat' dir='ltr'><strong>Vir</strong></span> <span class='ocrx_word' id='word_1_163' title='bbox 820 2977 983 3056; x_wconf 92' lang='lat' dir='ltr'><strong>insipiens</strong></span> <span class='ocrx_word' id='word_1_164' title='bbox 1072 3029 1073 3046; x_wconf 40' lang='lat'>2</span> 
     </span>
    </p>
   </div>
   <div class='ocr_carea' id='block_1_12' title="bbox 189 3063 1073 3547">
    <p class='ocr_par' dir='ltr' id='par_1_12' title="bbox 189 3063 1073 3547">
     <span class='ocr_line' id='line_1_27' title="bbox 226 3063 1073 3158; baseline -0.006 -17"><span class='ocrx_word' id='word_1_165' title='bbox 226 3099 290 3140; x_wconf 93' lang='lat' dir='ltr'><strong>non</strong></span> <span class='ocrx_word' id='word_1_166' title='bbox 314 3086 503 3158; x_wconf 87' lang='lat' dir='ltr'><strong>cognoscet,</strong></span> <span class='ocrx_word' id='word_1_167' title='bbox 532 3085 563 3136; x_wconf 91' lang='lat' dir='ltr'><strong>et</strong></span> <span class='ocrx_word' id='word_1_168' title='bbox 585 3075 705 3135; x_wconf 91' lang='lat' dir='ltr'><strong>stultus</strong></span> <span class='ocrx_word' id='word_1_169' title='bbox 727 3092 792 3134; x_wconf 92' lang='lat' dir='ltr'><strong>non</strong></span> <span class='ocrx_word' id='word_1_170' title='bbox 815 3075 983 3154; x_wconf 88' lang='lat' dir='ltr'><strong>intelleget</strong></span> <span class='ocrx_word' id='word_1_171' title='bbox 1072 3063 1073 3086; x_wconf 60' lang='lat'>¹</span> 
     </span>
     <span class='ocr_line' id='line_1_28' title="bbox 225 3172 984 3255; baseline -0.005 -17"><span class='ocrx_word' id='word_1_172' title='bbox 225 3181 315 3240; x_wconf 93' lang='lat' dir='ltr'><strong>haec.</strong></span> <span class='ocrx_word' id='word_1_173' title='bbox 352 3177 382 3239; x_wconf 95' lang='lat' dir='ltr'>O</span> <span class='ocrx_word' id='word_1_174' title='bbox 405 3192 501 3255; x_wconf 93' lang='lat' dir='ltr'><strong>quam</strong></span> <span class='ocrx_word' id='word_1_175' title='bbox 525 3174 654 3234; x_wconf 85' lang='lat' dir='ltr'><strong>lelicem</strong></span> <span class='ocrx_word' id='word_1_176' title='bbox 677 3175 789 3233; x_wconf 90' lang='lat' dir='ltr'><strong>horam</strong></span> <span class='ocrx_word' id='word_1_177' title='bbox 809 3172 872 3233; x_wconf 87' lang='lat' dir='ltr'><strong>iste</strong></span> <span class='ocrx_word' id='word_1_178' title='bbox 887 3174 984 3234; x_wconf 93' lang='lat' dir='ltr'><strong>latro·</strong></span> 
     </span>
     <span class='ocr_line' id='line_1_29' title="bbox 225 3271 982 3350; baseline -0.004 -15"><span class='ocrx_word' id='word_1_179' title='bbox 225 3275 350 3335; x_wconf 90' lang='lat' dir='ltr'><strong>cinator</strong></span> <span class='ocrx_word' id='word_1_180' title='bbox 378 3274 519 3349; x_wconf 88' lang='lat' dir='ltr'><strong>invenit,</strong></span> <span class='ocrx_word' id='word_1_181' title='bbox 548 3273 603 3350; x_wconf 90' lang='lat' dir='ltr'><strong>qui</strong></span> <span class='ocrx_word' id='word_1_182' title='bbox 626 3281 734 3332; x_wconf 90' lang='lat' dir='ltr'><strong>tecum</strong></span> <span class='ocrx_word' id='word_1_183' title='bbox 761 3271 843 3347; x_wconf 86' lang='lat' dir='ltr'><strong>pati,</strong></span> <span class='ocrx_word' id='word_1_184' title='bbox 872 3281 982 3332; x_wconf 90' lang='lat' dir='ltr'><strong>tecum</strong></span> 
     </span>
     <span class='ocr_line' id='line_1_30' title="bbox 225 3372 982 3450; baseline -0.008 -16"><span class='ocrx_word' id='word_1_185' title='bbox 225 3374 325 3450; x_wconf 93' lang='lat' dir='ltr'><strong>mori,</strong></span> <span class='ocrx_word' id='word_1_186' title='bbox 355 3383 463 3434; x_wconf 93' lang='lat' dir='ltr'><strong>tecum</strong></span> <span class='ocrx_word' id='word_1_187' title='bbox 496 3389 631 3450; x_wconf 88' lang='lat' dir='ltr'><strong>pergere</strong></span> <span class='ocrx_word' id='word_1_188' title='bbox 660 3372 699 3431; x_wconf 90' lang='lat' dir='ltr'><strong>ad</strong></span> <span class='ocrx_word' id='word_1_189' title='bbox 728 3385 864 3447; x_wconf 90' lang='lat' dir='ltr'><strong>regnum</strong></span> <span class='ocrx_word' id='word_1_190' title='bbox 888 3377 982 3429; x_wconf 90' lang='lat' dir='ltr'><strong>tuum</strong></span> 
     </span>
     <span class='ocr_line' id='line_1_31' title="bbox 189 3465 982 3547; baseline -0.008 -16"><span class='ocrx_word' id='word_1_191' title='bbox 189 3471 361 3547; x_wconf 75' lang='lat' dir='ltr'><strong>someruit,</strong></span> <span class='ocrx_word' id='word_1_192' title='bbox 390 3471 429 3531; x_wconf 97' lang='lat' dir='ltr'><strong>de</strong></span> <span class='ocrx_word' id='word_1_193' title='bbox 452 3486 516 3547; x_wconf 93' lang='lat' dir='ltr'><strong>quo</strong></span> <span class='ocrx_word' id='word_1_194' title='bbox 538 3487 603 3530; x_wconf 92' lang='lat' dir='ltr'><strong>non</strong></span> <span class='ocrx_word' id='word_1_195' title='bbox 626 3468 777 3542; x_wconf 88' lang='lat' dir='ltr'><strong>invenio,</strong></span> <span class='ocrx_word' id='word_1_196' title='bbox 804 3465 883 3542; x_wconf 90' lang='lat' dir='ltr'><strong>quid</strong></span> <span class='ocrx_word' id='word_1_197' title='bbox 906 3465 982 3526; x_wconf 91' lang='lat' dir='ltr'><strong>boni</strong></span> 
     </span>
    </p>
   </div>
   <div class='ocr_carea' id='block_1_13' title="bbox 226 3565 982 3711">
    <p class='ocr_par' dir='ltr' id='par_1_13' title="bbox 226 3565 982 3711">
     <span class='ocr_line' id='line_1_32' title="bbox 226 3565 982 3645; baseline -0.008 -17"><span class='ocrx_word' id='word_1_198' title='bbox 226 3569 316 3645; x_wconf 89' lang='lat' dir='ltr'><strong>prius</strong></span> <span class='ocrx_word' id='word_1_199' title='bbox 334 3569 366 3628; x_wconf 91' lang='lat' dir='ltr'><strong>in</strong></span> <span class='ocrx_word' id='word_1_200' title='bbox 382 3569 448 3628; x_wconf 90' lang='lat' dir='ltr'><strong>vita</strong></span> <span class='ocrx_word' id='word_1_201' title='bbox 470 3585 528 3627; x_wconf 90' lang='lat' dir='ltr'><strong>sua</strong></span> <span class='ocrx_word' id='word_1_202' title='bbox 551 3566 682 3641; x_wconf 83' lang='lat' dir='ltr'><strong>iecerit3</strong></span> <span class='ocrx_word' id='word_1_203' title='bbox 704 3565 762 3626; x_wconf 90' lang='lat' dir='ltr'><strong>sed</strong></span> <span class='ocrx_word' id='word_1_204' title='bbox 777 3566 839 3623; x_wconf 94' lang='lat' dir='ltr'><strong>hoc</strong></span> <span class='ocrx_word' id='word_1_205' title='bbox 856 3573 982 3624; x_wconf 92' lang='lat' dir='ltr'><strong>certum</strong></span> 
     </span>
     <span class='ocr_line' id='line_1_33' title="bbox 587 3671 626 3711; baseline 0 0"><span class='ocrx_word' id='word_1_206' title='bbox 587 3671 626 3711; x_wconf 83' lang='lat'><strong>142</strong></span> 
     </span>
    </p>
   </div>
   <div class='ocr_carea' id='block_1_14' title="bbox 0 0 1081 4174">
    <p class='ocr_par' dir='ltr' id='par_1_14' title="bbox 0 0 1081 4174">
     <span class='ocr_line' id='line_1_34' title="bbox 0 0 1081 4174; baseline 0 0"><span class='ocrx_word' id='word_1_207' title='bbox 0 0 1081 4174; x_wconf 95' lang='lat' dir='ltr'><strong> </strong></span> 
     </span>
    </p>
   </div>
  </div>
 </body>
</html>
