2144 4168
356 537 474 578 Adnotatio
488 538 572 578 critica.

85 704 194 749 coram
214 688 319 747 Pilato
335 687 484 762 praeside
498 691 511 745 1
522 687 576 754 ‘m
597 686 697 747 vincti
711 702 774 745 om.
787 684 841 738 ‘tu

85 773 151 828 cet
170 768 306 842 aava
348 784 362 825 s
383 766 565 842 Sicquidem
586 791 602 843 γ
623 766 736 843 paucis
760 763 842 824 locis

86 847 235 924 exceptis
252 857 449 908 constanter.
480 866 504 906 13
518 852 550 907 te
564 864 626 907 om.
638 850 666 907 b.
700 861 723 903 17
737 844 843 905 sancti

87 947 151 989 om.
174 927 211 1003 Σ,
238 928 304 988 iam
324 928 396 1003 (pro
424 928 541 1003 sanctu)
569 928 625 994 ἰ).
670 942 701 986 n.
723 943 747 983 n
776 941 841 985 mo-

85 1025 185 1084 gnum
208 1009 315 1067 laudis
333 1011 355 1068 l.
390 1011 444 1083 83,
464 1025 486 1066 9.
508 1024 532 1066 lo
541 1008 651 1082 fidelis
669 1006 843 1067 christiane

87 1089 160 1165 (pro
182 1089 328 1163 religiose
352 1086 470 1147 Christi
490 1087 658 1164 discipule)
676 1088 704 1146 o,
737 1103 761 1145 10
780 1085 843 1145 dis·

86 1168 208 1244 cipline
232 1171 263 1223 A
295 1167 440 1244 exceptis
469 1170 523 1228 ll.
580 1185 605 1226 15
631 1165 846 1244 performouit

87 1249 179 1308 wa.
212 1264 236 1306 n
259 1248 321 1308 Pro
343 1248 495 1322 capitulis
509 1263 533 1301 a
547 1247 755 1324 interpolavit
771 1262 844 1307 con-

81 1329 245 1408 fessione,
274 1329 508 1388 oconsctentto
531 1344 604 1388 uere
624 1326 844 1404 confessionis.

90 1427 115 1468 1s
136 1426 158 1468 a
170 1409 316 1484 proximo
330 1407 401 1484 (pro
416 1409 457 1468 ab
477 1408 565 1485 aliis)
583 1410 622 1478 b;
645 1408 845 1482 uituperotus

87 1490 161 1566 (pro
190 1489 424 1564 proclamatus)
445 1512 470 1563 γ.
511 1506 546 1547 21.
564 1505 592 1546 22
613 1488 731 1565 inferni
752 1492 846 1562 optas

88 1571 228 1630 euadere
259 1570 288 1629 b.
342 1586 369 1626 23
400 1569 538 1629 iudicari
567 1574 599 1645 1;
634 1569 732 1628 etiam
763 1567 792 1626 si
820 1589 845 1642 γ.

87 1654 141 1725 84,
161 1666 175 1707 2
196 1650 428 1725 imperpetuum
449 1650 562 1716 acal.
595 1665 620 1706 12
641 1648 757 1724 corripi
774 1645 845 1723 (pro

88 1730 359 1805 disciplinarum
410 1745 434 1786 13
462 1729 559 1789 timor
583 1731 654 1806 lcp,
684 1743 793 1788 rumor
819 1743 845 1787 c.

91 1825 117 1868 17
139 1809 240 1870 Amen
262 1810 333 1870 add.
353 1807 415 1869 on.

157 1942 251 2019 [Cup.
281 1941 364 2018 ΧΙΙ.]
419 1957 452 2000 19.
470 1958 497 1999 ao
527 1942 574 2000 De
604 1941 750 2000 irrisione
777 1939 847 1999 lesu

94 2023 178 2097 (eius
200 2039 258 2099 pro
283 2023 354 2082 lesu
374 2022 425 2096 11)
446 2022 489 2081 ab
510 2022 637 2082 Herode
659 2026 691 2081 et
711 2020 848 2081 exercitu

95 2103 290 2166 eiusclf¹.
338 2106 433 2177 85‚c
462 2106 495 2161 et
519 2125 543 2178 γ.
594 2101 754 2176 omagnis
782 2100 848 2159 illis

88 2183 344 2260 fatigationibus
368 2187 425 2242 ol.
470 2199 495 2240 ιο
523 2183 588 2241 tuis
616 2199 679 2241 om.
704 2183 744 2250 o;
771 2181 849 2239 dum

94 2264 166 2340 (pro
189 2263 272 2339 cum)
292 2264 320 2322 l».
351 2278 375 2320 n
398 2263 432 2322 in
454 2279 517 2322 om.
533 2277 589 2332 m;
610 2263 663 2321 via
678 2260 749 2337 (pro
769 2259 848 2335 vice)

94 2345 152 2411 '1²-
202 2361 236 2402 27.
256 2359 283 2400 28
312 2348 347 2402 tu
372 2377 411 2384 -
435 2343 699 2402 sceleratissimus
730 2357 793 2400 om.
823 2363 848 2416 l·

93 2427 145 2497 86,
165 2441 179 2481 ⁵
200 2424 300 2498 igitur
316 2428 346 2482 te
359 2446 383 2497 γ.
419 2423 573 2483 tobiecta
586 2438 733 2497 grauare,
749 2425 782 2480 vt
797 2424 848 2479 cl„

95 2521 108 2560 s
134 2508 170 2562 ut
189 2505 311 2563 discam
337 2503 419 2571 l‘p.
464 2520 489 2561 13
517 2503 632 2562 mentis
659 2518 749 2562 meae
777 2502 848 2576 (pro

97 2583 187 2658 meis)
202 2586 234 2636 B
253 2593 389 2659 excepto
404 2583 453 2650 ‘m
475 2599 499 2640 ts
513 2588 681 2658 potentum
697 2581 850 2642 amicitiis

96 2667 155 2740 οψ.
196 2680 224 2721 ac
243 2663 427 2723 sustinuisti
446 2686 466 2738 μ
474 2682 483 2739 ;
511 2664 613 2723 Amen
635 2663 705 2722 add.
727 2659 789 2721 oa,
921 2669 925 2682 ·

160 2802 253 2879 [Cap.
269 2802 369 2879 XIII.]
398 2819 433 2861 as.
448 2819 475 2860 29
494 2801 694 2878 (Gratiamm
713 2802 799 2862 actio
813 2801 850 2876 a)

96 2883 144 2942 De
165 2883 268 2942 redita
289 2883 412 2942 domini
432 2883 503 2943 Iesu
520 2884 561 2943 ab
577 2883 692 2943 lrerode
709 2882 752 2942 od
766 2882 851 2940 Pila·

97 2968 166 3023 tum
178 2968 187 2998 ¹
201 2963 416 3040 etfuribumlo
422 2965 593 3039 judeorum
604 2964 743 3024 clamore
754 2960 851 3022 cruci·

92 3044 158 3118 fige
179 3043 340 3118 (cmcifige
361 3044 411 3102 bis
432 3044 493 3120 pls)
515 3044 592 3103 tolle
613 3043 774 3118 (cmcifrge
792 3057 850 3116 pro

97 3123 176 3183 tolle
196 3123 256 3198 ‘m
285 3140 357 3182 eam
383 3125 434 3193 A;
464 3124 510 3183 De
541 3125 683 3198 improbo
714 3123 853 3181 clamore

97 3204 299 3274 ludaeorum,
321 3201 485 3279 crucifige,
507 3203 661 3279 Crucifige
679 3220 751 3262 eum
766 3202 852 3276 (eum

97 3301 162 3344 om.
180 3285 210 3359 o)
225 3294 267 3346 Β.
294 3285 344 3358 87,
358 3299 372 3340 2
386 3285 542 3359 crucifige,
564 3284 711 3359 crucifige
723 3282 851 3358 two.

158 3501 252 3544 1Verbs
271 3504 303 3543 De
321 3503 397 3542 reditu
415 3525 440 3531 —
459 3504 489 3542 acl
507 3504 606 3542 Pilatum
641 3503 731 3544 uoniam
750 3503 794 3544 huc
809 3514 853 3542 non

96 3556 218 3610 quadrant,
238 3568 289 3598 curn
305 3556 332 3597 de
347 3556 386 3596 illo
401 3556 473 3597 reditu
489 3568 533 3597 non
548 3568 596 3607 cap.
612 3515 666 3608 ΧἹΙ,
682 3557 722 3597 sed
737 3569 784 3609 cap.
801 3554 851 3596 ltltl

95 3619 182 3662 agutur,
197 3610 230 3650 1111
247 3611 323 3663 potius
338 3621 363 3650 ea
378 3610 471 3650 luscrlbi
487 3609 546 3651 haud
561 3611 609 3650 scio
624 3622 651 3650 an
666 3611 718 3663 quis
734 3611 803 3651 malit.

140 3701 233 3740 Tlromae
247 3711 261 3738 o
276 3699 304 3738 K.
319 3696 379 3740 Med.
460 3698 501 3739 433
721 3697 748 3737 28
