2152 4174
222 601 318 662 etiam
348 601 381 661 in
405 600 563 662 Crucifixi
592 599 801 676 pauperculis
829 599 977 660 vestibus

222 698 452 773 expleverunt!
502 698 585 758 Nam
618 698 856 775 quaternariam
893 698 978 758 inter
1063 741 1065 752 ,

222 813 258 856 se
294 804 427 872 agentes
470 796 665 856 divisionem
706 796 976 856 vestimentorum

222 893 400 969 unicuique
429 894 523 954 militi
555 903 679 970 partem
711 911 803 953 suam
835 893 979 970 assigna·
1066 899 1067 910 ¹

199 991 298 1053 sbant
329 991 399 1050 sola
429 990 539 1050 tunica
569 990 758 1050 inconsutili
788 990 901 1051 illaesa
930 1007 978 1050 re-

222 1097 383 1148 manente.
420 1088 527 1164 Quam
544 1088 665 1148 idcirco
688 1098 776 1148 sorte
794 1090 978 1164 carpebant,

222 1187 298 1265 quia
333 1185 479 1247 dividere
516 1204 586 1247 eam
623 1188 712 1247 salva
746 1186 819 1246 eius
852 1194 979 1248 textura

222 1284 408 1361 nequibant.
444 1285 518 1346 Heu
534 1284 753 1345 inlelicissimi
769 1286 979 1360 praedatores
1063 1335 1064 1340 ,

222 1392 254 1442 et
278 1382 497 1443 inimicissimi
527 1393 712 1459 exactores,
741 1382 795 1458 qui
825 1380 979 1458 pauperis

188 1503 212 1544 ro
222 1491 254 1541 et
275 1481 353 1541 nudi
376 1479 550 1558 pendentis
567 1480 640 1540 lesu
656 1497 722 1540 non
744 1489 821 1540 sunt
842 1479 979 1556 miserti,
1066 1521 1067 1524 ,

222 1589 257 1639 ut
272 1579 324 1639 vel
347 1577 510 1638 modicum
534 1576 611 1654 quid
633 1576 679 1636 illi
700 1576 911 1637 restituerent
926 1577 978 1636 vel

223 1683 310 1735 certe
333 1675 491 1735 maerenti
513 1675 607 1734 matri
632 1692 690 1751 pro
713 1674 834 1735 solacio
857 1691 979 1734 memo-

222 1772 292 1832 riali
316 1771 475 1833 fimbriam
498 1772 685 1833 vestimenti
715 1773 787 1832 eius
816 1771 980 1848 relinque·
1065 1775 1067 1782 ‘

222 1878 303 1930 rent.
333 1870 398 1931 Sed
413 1870 494 1930 nihil
511 1871 627 1929 horum
645 1869 802 1945 fecerunt,
824 1868 978 1946 quoniam
1061 1849 1067 1867 ¹

188 1994 213 2035 15
223 1967 396 2045 instigante
419 1968 546 2027 diabolo
569 1967 641 2026 sine
664 1966 837 2026 formidine
867 1964 978 2025 iudicii
1066 2005 1067 2044 4

224 2065 322 2125 futuri
335 2065 511 2125 maximum
523 2063 729 2140 sacrilegium
741 2072 979 2140 perpetrarunt.
1066 2069 1067 2078 ’

264 2162 294 2224 O
317 2163 360 2224 mi
384 2161 553 2223 carissime
577 2162 668 2236 lesu,
692 2170 726 2220 tu
749 2161 830 2221 nibil
854 2169 981 2220 contra·

224 2260 348 2320 rietatis
371 2261 409 2320 acl
427 2262 508 2320 haec
524 2259 606 2319 dicis
622 2258 673 2320 vel
690 2259 768 2336 agis,
790 2260 848 2320 sed
871 2259 982 2319 omnia
1066 2247 1067 2282 l

224 2359 326 2419 silens
341 2358 472 2435 pateris.
496 2358 596 2419 Certe
612 2357 645 2417 in
659 2359 721 2417 hoc
737 2357 854 2417 damno
870 2372 980 2416 rerum

187 2465 369 2530 aetuarum,
401 2455 478 2533 quid
507 2455 667 2532 agendum
697 2453 776 2514 mihi
807 2454 848 2514 sit
877 2454 983 2513 ablata

224 2553 331 2629 aliqua
359 2570 395 2614 re
423 2552 625 2628 necessaria,
654 2552 824 2613 evidenter
848 2552 983 2612 demon·
1066 2617 1067 2632 χ

225 2661 318 2710 stras
354 2650 413 2710 Vis
436 2650 534 2726 enim,
556 2659 591 2710 ut
606 2649 747 2726 paratior
764 2649 825 2708 sim
848 2649 887 2708 ad
910 2664 983 2724 per-

225 2747 359 2807 ferenda
380 2748 497 2808 damna
518 2747 725 2824 temporalia,
752 2764 847 2824 quam
871 2746 910 2805 ad
933 2764 984 2807 re·
1066 2797 1067 2814 ,

224 2847 364 2921 petenda
379 2846 487 2905 debita
502 2862 541 2904 ex
556 2845 628 2905 iure
643 2843 723 2903 mihi
740 2861 891 2920 congrua.
915 2842 983 2919 Ego

187 2952 332 3006 asautem
369 2942 506 3003 arbitror
541 2944 601 3002 has
631 2950 742 3003 vestes
776 2958 841 3001 non
878 2940 984 3000 luisse

225 3048 378 3116 apparatu
408 3040 546 3099 subtiles
574 3056 635 3099 nec
665 3038 773 3116 aliquo
796 3039 905 3098 colore
928 3038 985 3097 de-

225 3136 344 3212 pictas,
369 3138 426 3198 sed
449 3138 561 3212 planas
592 3147 624 3197 et
645 3135 812 3212 simplices
834 3135 986 3212 pauperi-

225 3235 352 3311 busque
374 3243 480 3295 terrae
502 3233 605 3311 magis
628 3233 765 3310 similes,
789 3240 843 3293 aut
865 3248 985 3292 secun·

224 3332 302 3391 dum
327 3348 452 3391 morem
476 3332 697 3392 Nazareorum
721 3340 752 3391 et
774 3330 984 3407 antiquorum

188 3430 456 3504 30prophetarum
473 3430 618 3490 habitum
634 3429 802 3491 humiliter
818 3427 986 3503 formataS,

226 3544 307 3605 quas
335 3529 425 3587 nulla
453 3528 565 3604 utique
593 3527 712 3588 curiosi
737 3525 871 3586 sartoris
894 3526 986 3585 adin-

587 3634 625 3674 rso
