2142 4172
240 442 586 557 &a
598 505 617 558 1,
629 443 985 558 affl

232 635 347 694 chrum
369 635 402 695 in
424 637 605 712 pulverem,
631 654 727 697 omne
749 637 929 713 pretiosum
955 637 992 697 in

232 733 347 808 lutum,
369 750 466 794 omne
482 734 632 796 floridum
648 736 681 796 in
697 735 873 811 putridum,
888 751 991 796 omne

232 828 424 889 delectabile
446 829 479 891 in
501 816 711 909 absynthium
734 833 991 908 amarissimum,

232 942 329 986 omne
350 926 529 989 ineundum
552 929 585 989 in
607 929 796 1005 lamentum,
825 946 923 990 omne
946 929 991 989 ri·

209 1023 415 1088 sdiculosum
452 1034 485 1086 et
520 1026 667 1087 iocosum
703 1027 736 1086 in
772 1027 918 1087 derisum
956 1036 991 1088 et

232 1129 465 1197 contemptam.

272 1217 302 1279 Ο
324 1236 420 1295 quam
443 1221 579 1296 pulchra
606 1231 639 1281 et
666 1221 837 1297 splendida
864 1221 927 1282 erit
954 1221 989 1282 in

232 1315 341 1376 futuro
364 1317 499 1378 devotae
522 1327 554 1378 et
576 1327 683 1379 castae
709 1318 836 1378 animae
866 1334 990 1378 corona

232 1413 265 1473 in
294 1414 426 1475 caelesti
455 1416 574 1493 gloria,
604 1434 687 1494 quae
716 1417 749 1477 in
771 1417 894 1477 mundo
920 1426 987 1477 tam

197 1511 422 1588 infrequenter
443 1522 476 1573 et
497 1515 645 1575 dolenter
666 1514 784 1591 cogitat
810 1515 850 1575 de
872 1513 990 1590 spinea

231 1609 307 1669 Iesu
329 1626 449 1671 corona
479 1619 511 1671 et
541 1611 650 1672 omnia
680 1629 788 1672 amara
816 1611 889 1672 eius
917 1612 989 1671 vul-

231 1723 310 1766 nera
331 1718 436 1784 portat
458 1726 531 1769 cum
555 1726 703 1770 maerore
725 1709 759 1768 in
782 1726 842 1769 sua
862 1725 989 1769 memo·

231 1803 287 1864 ria.
331 1804 457 1882 Credo,
486 1808 573 1884 quod
601 1807 675 1868 talis
703 1807 811 1867 anima
839 1807 988 1867 moriens

231 1910 264 1961 et
285 1902 427 1979 migrans
456 1921 495 1964 ex
524 1906 584 1965 hac
606 1921 801 1965 aerumnosa
826 1903 892 1964 vita
920 1921 988 1964 ma·

197 2016 325 2076 isgnam
357 2018 448 2077 spem
477 2001 593 2062 veniae
624 2011 656 2062 et
685 2001 835 2062 fiduciam
864 2001 987 2062 multae

231 2097 475 2159 misericordiae
496 2100 628 2160 habebit
655 2098 689 2159 in
718 2099 783 2159 fine
812 2099 851 2158 ad
878 2116 987 2159 recor·

231 2195 393 2256 dationem
416 2214 527 2257 sacrae
542 2198 705 2274 passionis
726 2208 811 2273 tuae,
834 2197 987 2260 Domine.

271 2293 372 2370 Igitur
393 2305 525 2370 propter
546 2295 674 2372 singula
698 2295 835 2355 vulnera
863 2304 918 2354 tua
939 2295 987 2354 di-

230 2389 321 2450 mitte
357 2391 453 2451 etiam
490 2393 569 2452 mihi
606 2393 715 2453 omnia
750 2403 882 2470 peecata
912 2410 987 2454 mea

194 2488 391 2549 aocotidiana
419 2490 624 2568 etantiqua,
655 2491 740 2551 sicut
771 2491 877 2551 fecisti
909 2508 985 2551 cnm

191 2629 194 2635 -
230 2595 342 2646 sancta
363 2587 469 2647 Maria
491 2588 685 2665 Magdalena
706 2605 745 2648 ex
767 2589 838 2648 soia
858 2587 986 2648 miseri·

230 2684 340 2744 cordia
370 2693 425 2744 tua
455 2693 488 2745 et
517 2685 634 2762 gratia,
665 2702 749 2762 quae
771 2686 865 2746 valde
896 2686 987 2746 flevit

230 2791 363 2857 peccata
395 2799 455 2842 sua
489 2792 521 2842 et
549 2783 689 2843 maxime
718 2782 881 2860 passionis
910 2792 985 2844 tuae

229 2889 341 2939 sancta
362 2880 498 2940 vulnera
528 2889 583 2940 tua
612 2879 669 2940 tibi
700 2879 823 2940 inflicta
853 2890 985 2956 propter

193 2995 220 3037 25
230 2986 361 3053 peccata
376 2987 487 3037 nostra
501 2977 610 3054 gravia
624 2986 657 3038 et
671 2994 749 3038 vere
764 2977 858 3038 valde
874 2978 984 3038 multa.

231 3073 295 3134 Sed
317 3074 395 3134 vicit
416 3075 641 3135 misericordia
661 3084 694 3135 et
714 3075 819 3153 pietas
840 3082 905 3149 tua,
926 3076 985 3135 mi·

229 3171 491 3232 sericordissime
513 3172 603 3248 Iesu,
625 3172 734 3233 omnia
762 3172 846 3231 mala
873 3179 984 3231 nostra

229 3287 314 3329 nova
335 3279 368 3329 et
389 3269 521 3346 antiqua
548 3280 680 3346 propter
701 3270 830 3331 viscera
857 3270 983 3332 miseri·

230 3367 360 3427 cordiae
390 3376 464 3428 tuae
502 3377 535 3427 et
571 3367 660 3428 mille
691 3368 780 3428 milia
810 3369 983 3431 volnerum

193 3474 360 3527 sotuorum
382 3466 519 3525 verbera
540 3464 581 3523 ab
608 3464 718 3541 impiis
746 3465 983 3542 patientissime

230 3561 375 3636 tolerata,
396 3579 479 3638 quae
501 3580 519 3622 a
541 3572 652 3623 sancta
674 3573 776 3625 matre
805 3573 861 3625 tua
884 3575 917 3626 et
938 3566 983 3628 di·

587 3667 628 3711 310
959 3675 963 3688 ·
