2142 4172
109 441 173 518 '³³³2'
191 441 389 534 {lfa—„f
406 491 435 544 11,
448 430 829 544 ww

80 633 113 683 et
135 622 338 683 laetificando
366 623 405 682 de
434 631 490 682 tua
517 623 702 699 praesentia
736 632 768 683 et
797 623 836 683 de

79 722 227 782 omnium
259 738 368 782 rerum
400 730 561 798 potestate
597 739 616 781 a
648 722 743 782 Patre
778 720 836 780 tibi

80 820 154 880 data
174 820 208 880 in
231 821 321 881 caelo
344 819 425 880 etin
446 828 542 880 terra.
572 819 635 879 His
657 819 776 880 auditis
797 835 838 878 ex

80 934 138 978 ore
160 928 216 978 tuo
232 919 349 979 merito
371 926 404 977 te
426 916 602 977 adorabant
626 926 659 977 et
679 916 837 994 glorifica-

79 1017 158 1076 bant
168 1031 289 1076 nomen
301 1024 449 1075 sanctum
461 1024 564 1089 tuum,
580 1014 635 1091 qui
647 1024 860 1091 praesentess

80 1123 184 1190 erant,
199 1123 232 1174 et
246 1114 317 1174 solo
332 1121 429 1173 tenus
441 1129 477 1172 se
488 1122 735 1189 prosternentes
745 1113 838 1188 hym·

80 1230 160 1274 num
177 1228 298 1273 novum
314 1210 371 1271 tibi
389 1212 460 1271 Deo
475 1219 588 1270 nostro
604 1227 678 1270 cum
699 1209 839 1270 maxima

80 1309 257 1371 devotione
288 1308 397 1368 dicere
432 1309 631 1386 gaudebant,
667 1308 743 1385 quia
773 1316 837 1367 tam

80 1408 146 1478 alta
180 1417 213 1468 et
244 1407 327 1467 mira
355 1416 434 1467 tunc
469 1407 510 1467 de
541 1415 652 1467 sancta
682 1404 838 1465 Trinitate

80 1512 316 1581 cognoverunt,
331 1519 415 1580 quae
430 1520 527 1563 nemo
542 1503 639 1578 plene
655 1504 875 1580 exprimerem

79 1601 214 1663 sullicit.
258 1600 287 1662 Ο
317 1601 484 1676 praeclara
512 1609 544 1660 et
573 1600 716 1661 iucunda
743 1599 838 1674 visio,

80 1719 100 1760 o
117 1699 276 1759 altissima
291 1707 322 1758 et
338 1698 448 1758 divina
462 1698 628 1774 revelatio,
650 1715 669 1759 o
685 1714 837 1774 magnum

81 1807 115 1858 et
137 1797 303 1858 ineffabile
325 1797 478 1874 gaudium
501 1797 534 1857 in
564 1797 718 1857 cordibus
746 1814 838 1856 sanc-

80 1906 190 1956 torum
213 1895 444 1971 apostolorum.

124 1993 234 2052 Laudo
266 2002 298 2052 et
327 1992 474 2070 glorifico
503 2002 553 2068 te,
584 1992 776 2054 dulcissime
807 2002 839 2053 et
852 2007 876 2050 15

82 2090 259 2152 mitissime
282 2090 374 2165 lesu,
403 2089 457 2166 qui
481 2107 555 2150 cum
578 2089 748 2166 discipulis
775 2091 839 2151 tuis

82 2190 214 2249 locutus
243 2205 280 2247 es
301 2187 395 2247 valde
423 2188 564 2264 benigne
593 2187 626 2247 in
657 2198 767 2248 monte
790 2205 839 2248 re-

82 2285 224 2346 velando
246 2284 296 2344 eis
317 2302 428 2345 veram
456 2285 553 2346 lidem
582 2294 714 2345 sanctae
736 2284 839 2345 Trini-

83 2383 160 2443 tatis
182 2391 214 2442 et
235 2383 393 2443 tradendo
415 2391 536 2443 rectam
567 2384 703 2443 formam
726 2383 840 2443 verbo-

83 2498 158 2542 rum
174 2481 357 2557 baptizandi
368 2481 483 2542 fideles
493 2481 526 2542 in
538 2499 694 2558 aquarum
706 2481 839 2541 flumine
850 2499 877 2541 ao

84 2578 119 2638 in
150 2579 378 2640 remissionem
409 2589 617 2656 peccatorum
647 2579 680 2640 in
707 2577 840 2639 nomine

85 2675 193 2736 Patris
215 2685 247 2736 et
268 2677 339 2737 Filii
363 2687 394 2738 et
417 2677 558 2754 Spiritus
581 2677 695 2738 sancti.
724 2675 840 2736 Amen.

87 2775 125 2834 ln
147 2774 265 2850 quibus
288 2792 367 2835 sane
389 2775 499 2835 verbis
521 2776 619 2836 credo
641 2792 694 2834 me
715 2792 735 2833 a
753 2772 840 2833 lideli

86 2872 257 2933 sacerdote
285 2873 481 2950 baptizatum
511 2883 543 2934 et
571 2873 762 2934 alidelibus
790 2891 841 2949 pa-

86 2970 235 3031 rentibus
266 2971 300 3030 in
332 2971 395 3031 lide
429 2980 516 3031 recta
547 2981 579 3032 et
615 2971 774 3032 catholica
808 2971 879 3032 inas

86 3077 200 3130 sancta
221 3069 362 3128 ecclesia
383 3069 578 3130 instructum
605 3079 638 3129 et
659 3069 842 3130 educatum.

130 3165 262 3228 Gratias
283 3165 352 3241 tibi,
375 3166 520 3242 Christe,
542 3183 646 3243 aquo
668 3182 766 3227 omne
788 3165 843 3225 bo-

87 3282 167 3325 num
203 3265 328 3325 homini
360 3265 450 3325 venit
486 3282 560 3324 cum
597 3281 655 3340 spe
691 3272 843 3323 aeternae

87 3362 214 3438 salutiS,
236 3362 276 3422 ad
298 3380 395 3439 quam
416 3371 491 3438 post
512 3361 611 3422 linem
637 3360 737 3421 huius
758 3361 843 3422 vitae

86 3478 141 3523 me
164 3462 344 3538 perducere
360 3460 505 3538 digneris
527 3469 558 3520 et
574 3469 760 3521 sanctorum
777 3477 879 3522 me=so

87 3559 161 3621 ritis
182 3559 329 3620 auxiliari
353 3567 449 3636 atque
478 3559 518 3618 de
548 3557 666 3618 futuris
691 3557 844 3634 gravissi·

448 3664 486 3706 aar
