2142 4172
392 457 836 572 „norw

271 702 542 780 [cuprnvuvu
566 701 664 779 xxn]

108 863 155 921 De
176 861 381 937 apparitione
404 859 521 921 Christi
542 876 649 920 coram
672 859 818 920 undecim

107 960 275 1034 discipulis
297 961 330 1019 in
347 962 453 1018 monle
471 956 595 1018 Thabor
607 959 641 1018 iu
657 957 818 1018 Galilaea.

86 1069 336 1291 &medico
359 1136 390 1187 et
405 1127 524 1204 gratias
538 1144 597 1204 ago
613 1127 681 1203 tibi,
702 1126 842 1186 Domine

221 1226 295 1286 lesu
319 1225 464 1301 Christe,
486 1241 544 1284 rex
566 1225 647 1285 caeli
672 1233 704 1285 et
727 1234 866 1300 terrae‚s

86 1323 143 1400 qui
166 1333 295 1384 montes
310 1324 481 1400 ponderaS,
502 1331 621 1382 terram
644 1322 751 1398 palmo
767 1337 843 1380 con·

86 1421 211 1496 cludis,
246 1421 301 1497 qui
338 1422 435 1481 sedes
466 1437 567 1498 super
597 1419 779 1482 Cherubim
811 1429 842 1480 et

86 1518 260 1595 Seraphim
282 1519 415 1579 intuens
436 1520 590 1596 abyssoS,
618 1518 674 1595 qui
696 1518 843 1578 ambulas

86 1632 189 1690 super
203 1615 310 1676 sidera
332 1617 413 1677 caeli
436 1625 468 1676 et
483 1626 629 1677 extrema
643 1625 749 1676 terrae
767 1632 842 1675 con-

85 1712 214 1773 sideras
243 1723 274 1774 et
305 1714 415 1775 omnia
445 1713 634 1791 cognoscis,
668 1720 878 1788 antequanm

86 1811 176 1871 fiant.

129 1909 306 1985 Benedico,
328 1910 423 1970 laudo
446 1919 478 1970 et
492 1909 638 1986 glorifico
660 1917 692 1968 te
707 1925 765 1984 pro
788 1907 843 1967 illa

85 2008 171 2067 laeta
192 2016 224 2066 et
245 2007 386 2084 gloriosa
408 2017 439 2068 et
467 2007 531 2067 alta
558 2005 759 2082 apparitione
787 2013 843 2064 tua

85 2105 120 2164 in
143 2114 254 2164 monte
276 2103 404 2167 Thabor
432 2123 541 2166 coram
570 2104 721 2165 undecim
744 2103 841 2164 disci·

85 2201 174 2279 pulis
195 2202 271 2279 tuis,
293 2203 377 2263 sicut
397 2203 446 2264 eis
461 2213 535 2264 ante
550 2202 737 2280 passionem
752 2209 840 2261 tuam
852 2213 877 2254 ιε

85 2309 198 2374 aperte
220 2309 252 2359 et
275 2310 363 2361 certe
385 2300 564 2377 promisisti
580 2300 710 2360 dicens:
733 2297 841 2373 Scrip-

85 2408 155 2458 tum
178 2406 228 2457 est
250 2397 354 2458 enirn:
385 2398 569 2459 Percutiam
598 2406 778 2474 pastorem,
809 2404 841 2454 et

86 2493 316 2570 dispergentur
337 2512 418 2555 oves
437 2495 556 2572 gregis,
588 2495 764 2570 Postquam
787 2510 841 2552 au-

84 2601 152 2651 tem
171 2608 392 2668 resurrexero,
414 2592 605 2669 praecedam
621 2608 681 2651 vos
702 2590 736 2650 in
751 2589 842 2652 Gali·

85 2689 200 2749 laeam.
850 2701 877 2742 ao

129 2785 238 2847 Primo
261 2787 359 2864 igitur
379 2787 568 2863 praedixisti
590 2787 639 2847 eis
662 2786 725 2846 duo
747 2785 841 2845 valde

85 2883 192 2946 tristia
226 2885 265 2944 ad
301 2884 518 2960 audiendum,
559 2884 687 2945 dilectis
726 2882 841 2944 amicis

84 2982 212 3060 gravia,
250 2982 376 3042 scilicet
407 2983 654 3059 percussionem
691 2982 841 3058 pastoris,

84 3089 117 3139 te
141 3079 249 3154 ipsum
272 3097 445 3156 passurum
468 3080 643 3157 designans
671 3097 691 3139 a
712 3079 840 3140 ludaeis

83 3185 117 3237 et
140 3177 258 3237 deinde
280 3195 356 3238 mox
384 3187 571 3238 secuturam
600 3176 877 3253 dispersionemas

83 3274 210 3352 gregis,
241 3274 387 3351 ipsorum
420 3277 528 3352 fugam
560 3285 592 3335 et
623 3275 734 3336 iletum
763 3292 841 3352 prae

83 3374 202 3434 timore
234 3390 358 3449 poenae
389 3383 421 3434 et
452 3372 576 3434 mortis.
619 3373 684 3434 Sed
714 3390 756 3433 ne
787 3373 841 3434 de-

85 3480 256 3546 sperarent
275 3470 398 3547 gravati
421 3470 565 3547 pondere
587 3471 764 3547 malorum,
788 3473 841 3532 ad·

84 3567 193 3628 didisti
217 3568 324 3628 statim
348 3568 411 3628 duo
427 3568 520 3628 valde
543 3568 627 3629 laeta
641 3569 842 3630 consolativa

444 3673 486 3715 aaa
