2144 4168
528 499 693 553 Epilegomem.

295 647 420 709 leliber
441 649 568 710 octiens
596 667 673 710 suas
701 649 861 710 lectiones
883 651 990 724 habet,

235 744 318 804 quae
340 738 449 790 tamen
477 730 671 807 plerumque
692 730 810 791 menda
840 739 990 807 typogra-

235 809 331 884 phica
352 819 446 886 sunt,
467 810 612 887 itemque
634 811 760 871 octiens
782 828 856 870 cum
879 811 927 874 ‘n
949 810 991 871 *o

235 888 282 965 ‘p
301 899 415 954 contra
443 891 586 967 reliquas
613 891 775 951 editiones
803 907 889 950 anno
915 893 991 951 1600

234 969 416 1030 anteriores
438 971 618 1048 consentit;
638 972 799 1032 sedidem
815 971 991 1032 sedeciens

235 1059 347 1110 contra
369 1067 484 1110 omnes
499 1051 644 1128 reliquos
664 1069 738 1112 cum
753 1052 801 1115 ‘n
815 1051 990 1126 consentit,

235 1130 367 1190 sexiens
390 1148 463 1190 cum
486 1131 532 1195 ‘n
553 1141 585 1192 et
607 1131 661 1208 *μ
683 1141 733 1192 ter
755 1149 828 1192 curn
850 1156 869 1194 e
888 1132 931 1194 ‘o
946 1132 991 1209 ‘p

235 1210 379 1287 itemque
394 1228 469 1271 cum
484 1236 501 1274 e
517 1211 566 1274 ‘n
579 1212 635 1288 ἰ),
658 1212 795 1289 singulis
815 1211 899 1272 locis
914 1229 988 1272 cum

235 1290 417 1368 *tt*o⁸p,
452 1291 581 1367 *n⁸o,
616 1292 724 1368 c‘n,
755 1317 773 1355 ο
799 1292 990 1368 ‘o'p'q,

234 1393 252 1432 c
268 1370 316 1433 *n
329 1371 384 1442 ὀ,
400 1372 443 1432 ita
459 1383 492 1432 ut
507 1382 539 1442 lc,
560 1373 636 1432 licet
650 1373 769 1433 artiore
784 1373 990 1449 cognationis

234 1450 365 1511 vinculo
388 1469 462 1512 curn
478 1463 508 1516 Α
524 1453 719 1514 coniunctus
740 1477 758 1516 e
779 1453 989 1529 potissimum

234 1541 399 1609 sequatur,
413 1542 522 1593 tamen
538 1551 579 1593 ex
593 1544 623 1597 Α
639 1543 671 1594 et
685 1544 719 1597 Β
733 1533 989 1594 contaminatum

234 1627 309 1672 esse
331 1613 540 1674 manifestum
563 1614 621 1690 sit;
650 1614 803 1690 idemque
825 1614 931 1688 valet,
956 1623 990 1673 ut

234 1691 266 1752 id
295 1692 402 1753 statim
432 1694 563 1769 addam,
593 1694 722 1761 de·1›¹
751 1703 799 1769 et,
830 1703 989 1770 quantum

233 1771 267 1831 in
279 1773 453 1833 verborum
470 1774 542 1834 eius
557 1773 718 1850 paucitate
733 1772 887 1834 conicere
903 1774 990 1849 licet,

234 1852 274 1912 de
295 1858 346 1929 9¹.

293 1951 306 2004 l
329 1949 410 2011 locis
432 1953 471 2010 72
499 1969 517 2011 a
541 1949 677 2027 reliquis
699 1950 891 2028 discrepans
913 1969 988 2011 cum

233 2031 518 2106 peonsentientes
540 2031 699 2092 lectiones
720 2032 826 2092 habet.

293 2143 329 2181 m
350 2127 449 2188 editio
469 2146 487 2188 a
501 2127 665 2205 philologo
681 2127 810 2188 videtur
825 2129 990 2189 elaborata

234 2223 318 2267 esse.
362 2208 434 2268 Hoc
463 2209 583 2269 indicat
605 2225 670 2269 non
693 2209 799 2269 solum
822 2209 988 2270 scribendi

234 2287 332 2363 ratio,
360 2288 460 2349 veluti
487 2289 647 2364 genetrix,
679 2289 896 2360 monimenta,
926 2289 989 2348 dis·

230 2368 356 2443 partiti,
378 2369 592 2440 tunsionibus,
616 2386 675 2445 pro
697 2386 762 2446 quo
784 2378 880 2429 antea
901 2370 989 2446 lege-

234 2448 327 2508 batur
357 2449 576 2519 tonsionibus,
612 2450 669 2509 sed
705 2449 802 2510 etiam
838 2466 920 2525 pure
956 2461 989 2510 et

235 2528 347 2588 Latine
369 2529 523 2605 loquendi
546 2529 700 2605 studium,
721 2538 757 2589 ut
776 2546 850 2590 cum
874 2529 989 2590 scribit

234 2609 428 2669 nebulonum
463 2626 522 2686 pro
561 2609 775 2680 ribaldorum,
818 2611 989 2669 thesaurus

234 2706 292 2765 pro
314 2689 505 2760 clenodium,
527 2690 636 2749 delicti
657 2706 715 2766 pro
730 2690 895 2766 forefacti,
915 2706 987 2766 per·

229 2774 329 2845 petuo
339 2786 397 2846 pro
404 2774 566 2845 perpetue,
582 2771 740 2846 forcipem
754 2787 813 2846 pro
824 2770 987 2840 tenellam,

233 2851 404 2910 clementer
421 2867 480 2926 pro
497 2850 675 2926 propitius,
708 2849 840 2910 ridicule
860 2867 920 2926 pro
943 2851 988 2910 io-

233 2930 353 2990 caliter.
378 2929 548 2990 Accedunt
563 2930 648 2990 haud
665 2947 737 2990 raro
752 2930 986 2990 vocabulorum

234 3011 329 3071 modo
341 3009 539 3071 omissiones
551 3010 648 3070 modo
663 3010 874 3086 adiectiones,
889 3011 987 3071 modo

234 3090 430 3151 mutationes
465 3100 533 3151 tum
570 3099 678 3150 rectae
708 3100 776 3150 tum
811 3090 932 3166 lalsae,
968 3108 987 3151 e

234 3171 352 3248 quibus
383 3171 469 3247 quod
499 3175 555 3246 52,
580 3188 607 3229 24
635 3171 743 3247 recepi
773 3171 987 3241 admonitum,

234 3251 344 3312 dubito
386 3269 427 3311 an
462 3268 528 3311 non
563 3268 707 3312 errorem
744 3249 885 3328 librarii,
928 3252 987 3312 sed

233 3330 376 3392 Thomae
399 3332 631 3392 soloecismum
648 3331 856 3392 correxerim.
888 3331 987 3393 Cete-

293 3509 302 3536 ¹
316 3507 418 3550 Nottblle
432 3508 520 3550 videtur
536 3508 582 3561 176,
599 3508 620 3550 ll
636 3509 675 3550 ced
690 3509 712 3552 ln
728 3507 856 3554 eevanldis
872 3507 986 3550 literarum

233 3578 337 3619 ductibus
356 3590 490 3631 expressum
509 3580 532 3620 ln
547 3573 571 3626 lc
588 3586 625 3626 m
644 3572 690 3640 *p
705 3589 800 3632 prorsus
815 3578 904 3621 deesse.

589 3666 630 3708 400
