2194 4180
234 583 311 644 boni
334 583 444 643 odoris
465 601 506 644 ex
525 600 635 643 murra
657 593 689 644 et
703 593 775 644 ture
791 585 986 660 compressis

236 683 351 743 crebra
372 691 404 742 et
419 699 527 742 amara
543 682 609 741 oris
625 682 689 741 mei
706 693 833 742 secreta
848 683 987 759 suspiria

235 798 294 856 pro
310 780 463 840 omnibus
478 779 622 856 peccatis
633 789 665 839 et
675 779 891 856 neglegentiis
907 779 987 840 meis

235 878 353 954 verbo,
385 877 468 938 lacto
496 886 528 937 et
554 877 693 954 cogitatu
724 877 927 952 commissiS,
955 886 988 937 ut

213 975 299 1035 siam
321 975 414 1052 quasi
431 991 536 1035 novus
551 976 650 1034 homo
673 974 705 1034 in
726 974 841 1051 spiritu
857 984 988 1035 renatus

235 1081 267 1132 et
297 1072 379 1131 albis
410 1071 544 1132 indutus
575 1088 704 1132 merear
739 1071 824 1132 inter
854 1071 988 1132 devotos

235 1178 309 1229 tuos
332 1168 489 1229 candidus
511 1178 542 1228 et
565 1169 670 1229 laetus
692 1186 766 1229 cum
783 1169 898 1229 humili
915 1186 988 1229 con-

236 1265 381 1326 lessione
409 1275 616 1341 peccatorum
647 1283 795 1326 meorum
825 1283 988 1342 apparere.

237 1363 363 1423 Deinde
394 1362 491 1423 etiam
524 1363 627 1423 offero
659 1363 715 1423 tibi
748 1380 806 1439 pro
837 1363 989 1440 pretiosis

202 1486 226 1525 lo
235 1460 434 1520 aromatibus
456 1461 496 1520 de
518 1461 662 1520 balsamo
685 1470 718 1520 et
739 1462 837 1522 melle
861 1461 989 1521 conlec-

235 1559 277 1620 tis
308 1559 419 1620 omnia
449 1559 557 1619 cordis
589 1559 653 1620 mei
685 1560 738 1636 pia
768 1558 931 1619 desideria
959 1567 990 1618 et

235 1656 380 1717 omnium
411 1656 603 1718 devotorum
634 1666 747 1717 sancta
774 1655 930 1716 exercitia
957 1654 990 1715 in

235 1754 363 1813 laudem
387 1764 518 1815 sanctae
536 1754 703 1814 Trinitatis
725 1764 756 1814 et
779 1752 991 1812 laetabundae

236 1851 489 1912 resurrectionis
511 1862 586 1913 tuae
607 1854 768 1912 honorem
797 1867 871 1910 cum
895 1857 990 1911 cantu

202 1974 226 2016 15
236 1949 425 2025 angelorum
449 1960 482 2010 et
503 1950 693 2010 iubilatione
722 1948 869 2009 omnium
899 1964 992 2006 sanc·

236 2055 342 2106 torum
366 2046 399 2107 in
422 2047 620 2107 caelestibus
642 2046 762 2106 choris.
804 2045 922 2106 Amen.

239 2285 350 2346 Oratio
378 2285 422 2345 od
442 2288 571 2344 sanctos
592 2285 734 2359 angelos,
756 2267 842 2344 vitae
864 2288 994 2344 nostrae

539 2382 694 2442 custodes.

278 2531 426 2593 Obsecro
449 2549 526 2608 vos,
551 2549 569 2592 o
592 2532 695 2592 sancti
718 2532 823 2609 angeli
847 2542 879 2592 et
901 2533 995 2590 arch-

200 2629 363 2704 aoangeli,
410 2629 550 2689 ministri
590 2629 676 2706 regis
716 2627 870 2704 superni,
919 2643 995 2686 can·
1081 2611 1082 2692 J

238 2726 323 2786 didis
358 2725 505 2786 vestibus
541 2726 669 2802 amicti,
711 2725 807 2787 bonis
849 2724 995 2785 aeternis

239 2824 368 2900 repleti,
390 2822 592 2883 miseremini
616 2823 679 2882 mei
702 2823 822 2884 infirmi
845 2833 996 2900 peccato-

238 2921 294 2996 ris,
315 2938 403 2980 nunc
426 2930 457 2981 et
479 2921 511 2980 in
535 2920 687 2981 omnibus
705 2921 796 2980 horis
811 2921 996 2982 succurrite

238 3018 318 3078 mihi
342 3017 403 3077 Dei
433 3017 553 3078 auxilio
581 3016 800 3094 peregrinanti
831 3016 865 3076 in
894 3017 997 3077 huius

201 3115 350 3180 osmundi
380 3115 488 3175 exilio.
530 3113 656 3174 Afferte
684 3113 882 3190 praesidium
912 3113 998 3174 indi-

238 3213 326 3291 genti
362 3213 513 3274 mendico
556 3221 588 3272 et
630 3212 810 3272 confortate
852 3211 997 3272 debilem

238 3322 351 3371 contra
372 3311 509 3370 insidias
538 3311 733 3370 daemonum
762 3318 794 3370 et
822 3309 999 3386 passiones

238 3408 402 3468 vitiorum.
446 3406 575 3468 induite
605 3424 658 3467 me
690 3407 784 3467 stolis
815 3405 915 3482 albis;
947 3406 999 3466 in·

239 3505 355 3566 struite
370 3504 493 3565 sanctis
508 3504 665 3581 moribus,
688 3504 761 3581 lide,
784 3522 842 3582 spe
860 3514 893 3565 et
914 3505 1000 3566 cari·
1081 3555 1082 3564 ,

597 3610 639 3652 234
