2144 4168
495 512 613 557 Adnotatio
630 516 714 558 celtica.

225 679 241 720 o
268 667 426 723 terrentur
449 664 478 722 b.
519 680 545 744 .¹¹
574 667 662 739 qnod
688 665 743 741 γε
792 683 820 724 m
841 666 983 743 sagisti¹

227 743 330 812 wo.
369 743 748 814 solllsanatttsaltq.
787 750 839 822 88,
862 763 887 805 ιε
904 748 984 822 piae
1063 779 1064 794 ι

227 827 284 900 ab.
325 840 352 881 no
373 828 428 883 tne
446 839 515 900 γη;
534 841 559 882 sr
583 825 684 885 iesum
705 825 776 902 (pro
794 832 945 902 parentes
959 829 983 902 ²)

226 904 319 971 ΑἻ).
361 906 416 979 90,
436 921 451 962 s
471 908 570 979 atque
591 909 647 964 el.
682 906 899 968 samicabilis
919 907 982 967 Do·

227 984 313 1044 mine
326 984 396 1044 lesu
416 988 456 1041 ολ
472 983 501 1042 Σ.
532 1002 557 1043 15
577 986 748 1046 visceribus
762 986 832 1062 (pro
847 987 982 1063 viribus)

226 1062 349 1123 ΜΣ.
383 1081 410 1122 28
431 1064 532 1124 Amen
554 1065 625 1126 add.
646 1066 666 1119 b
685 1075 718 1127 et
738 1069 771 1120 B
791 1076 928 1143 except0
952 1083 980 1126 ⁶·
1064 1139 1065 1142 ,

288 1187 381 1264 [Cap.
397 1187 514 1265 Xllll.]
550 1191 599 1263 91,
619 1205 641 1247 2.
654 1206 670 1246 s
685 1193 718 1248 et
731 1189 915 1265 flagellatio
935 1190 981 1249 ad

225 1267 408 1327 colamnam
429 1268 481 1337 A;
508 1268 639 1328 Domini
659 1270 730 1329 lesu
751 1287 814 1330 om.
835 1270 878 1339 b,·
900 1267 979 1329 Gra-

224 1346 430 1407 tiammoclio
458 1349 498 1408 de
524 1349 759 1420 denudatione,
787 1349 981 1425 alligatione

224 1430 257 1485 et
290 1427 516 1502 flagellatione
556 1430 601 1488 ad
634 1430 818 1490 colamnam
853 1429 979 1489 domini

225 1507 428 1582 redemptoris
464 1510 565 1568 nostri
599 1510 670 1569 lesa
706 1508 824 1569 Christi
854 1524 897 1579 a;
930 1509 979 1569 De

223 1587 466 1662 Flagellatione,
482 1590 717 1659 Denndatione,
735 1594 767 1648 et
779 1589 980 1664 litigatione

222 1668 267 1726 ad
287 1668 471 1729 columnam
492 1669 623 1729 Domini
643 1669 745 1729 nostn'
764 1669 836 1728 lesu
859 1668 979 1729 Christi

223 1745 290 1817 *m
310 1748 357 1807 De
377 1749 595 1823 expoliatione
613 1754 646 1808 et
660 1749 887 1825 flagellatione
905 1750 977 1809 lesu

223 1827 306 1901 (eius
326 1845 385 1903 pro
400 1829 471 1888 lesa
487 1830 511 1892 t'
516 1830 536 1904 ¹)
557 1831 636 1899 lf¹;
656 1830 724 1889 Een
743 1830 836 1905 gelet
855 1830 981 1890 vander

221 1908 392 1983 geiselinge
421 1909 492 1968 lesn
523 1907 578 1967 *m
634 1908 761 1969 Vander
787 1910 978 1985 oncledinge

221 1987 295 2064 (sic)
316 1989 396 2047 ende
417 1989 575 2065 byndinge
593 2006 637 2048 an
652 1989 704 2049 die
718 1990 888 2064 cloampne
902 1990 978 2067 (sic)

222 2069 302 2127 ende
333 2069 535 2145 gbepselinge
569 2069 660 2129 iesn⁸
693 2070 761 2129 Een
794 2070 886 2144 gebet
921 2068 977 2140 *ll-

223 2164 244 2206 ιι
262 2164 384 2208 crucem
402 2150 554 2225 penitns⁴
572 2153 621 2219 Ρ,·
641 2165 764 2209 erucem
782 2150 910 2224 positas
924 2152 977 2220 A;

221 2244 348 2288 carnem
367 2230 497 2304 penitas
519 2233 570 2300 B;
590 2245 610 2288 ν
631 2229 741 2304 billige
762 2229 882 2289 licitam
903 2230 976 2306 (pro
1065 2231 1066 2234 ’

221 2309 266 2367 ad
292 2308 507 2385 comem)·*r.
560 2326 592 2367 ιο.
608 2327 631 2367 ιι
656 2313 689 2368 et
715 2310 759 2368 ad
779 2343 818 2351 —
841 2311 978 2370 restibus

221 2405 284 2447 om.
305 2411 330 2464 l·
374 2406 405 2447 12.
423 2406 447 2446 ι3
470 2389 567 2464 virgis
585 2406 681 2449 —ac
702 2405 765 2449 om.
787 2413 811 2465 γ.
856 2406 881 2447 ιι
901 2407 977 2451 con·

216 2468 417 2542 placandum
437 2484 469 2527 o.
497 2485 525 2526 m
546 2469 687 2528 libertati
709 2470 742 2529 in
764 2470 978 2531 caelestibas⁵
1052 2533 1057 2542 ,

280 2678 289 2705 ¹
305 2675 365 2719 loan.
379 2678 401 2729 6,
418 2678 453 2719 15:
467 2679 528 2729 sapit
541 2680 623 2720 iterem
636 2681 660 2720 in
674 2685 769 2720 montem
781 2681 829 2730 ipsa
843 2683 911 2722 eolus.

279 2748 289 2776 ¹
304 2746 406 2802 Syllabas
412 2761 486 2800 paren
498 2761 537 2802 per
547 2751 630 2803 duplex
640 2751 798 2802 compendium
809 2752 975 2794 subobscurius

219 2803 314 2855 scriptas
337 2802 409 2844 luisse
431 2804 555 2845 verisimile
577 2812 619 2846 est.
653 2802 705 2857 Quo
727 2804 809 2845 lactum
830 2813 877 2857 est,
902 2813 927 2846 ut
947 2818 975 2847 ex

219 2856 297 2896 ultima
315 2856 365 2897 eius
385 2857 471 2909 syllaba
489 2862 522 2897 tes
540 2865 561 2899 et
576 2859 649 2911 prima
663 2857 727 2899 litera
742 2859 858 2910 sequentis
873 2860 976 2900 nominis

218 2910 320 2950 adiectlvl
336 2922 417 2950 vesano
432 2910 538 2952 librarius
552 2913 600 2952 iesu
614 2918 740 2953 consueret.

279 2980 288 3007 ³
303 2979 367 3021 Hanc
382 2992 448 3021 unam
464 2992 541 3022 sanam
557 2981 674 3023 lectionem
690 2981 827 3034 sequendam
841 2993 894 3023 esse
909 2982 973 3026 duxi.

277 3049 369 3104 ⁴Quod
391 3064 403 3092 e
425 3052 559 3093 lectionibus
581 3052 690 3094 librorum
712 3053 812 3105 compegi
836 3054 866 3092 ool
888 3065 975 3093 mmm

213 3106 305 3155 penitus
318 3106 435 3158 probatum
451 3104 533 3147 Victori
550 3107 646 3158 Becker,
668 3107 691 3147 ln
711 3117 737 3146 eo
751 3118 807 3146 erun
821 3118 833 3148 e
852 3109 974 3150 vernaculo

216 3159 292 3198 Krene
306 3170 318 3198 a
332 3157 418 3199 Thoma
432 3159 460 3199 ad
474 3159 568 3201 verbum
588 3171 721 3212 expressum
742 3159 853 3212 siguificat
871 3159 974 3202 infimam

216 3212 278 3253 dorsi
294 3211 385 3253 humani
402 3214 460 3254 circa
475 3213 565 3254 lumbos
577 3221 671 3267 partem,
686 3213 713 3254 sd
724 3224 791 3265 quam
803 3225 875 3266 usque
886 3214 973 3266 nudati,

216 3265 270 3305 dum
286 3265 381 3317 flagellis
396 3266 508 3318 caeditur,
524 3265 648 3308 Salvatoris
663 3267 784 3317 imaginem
799 3268 880 3319 pictam
896 3268 974 3310 videre

216 3318 326 3361 solemus.
364 3319 453 3360 Erratis
475 3320 584 3372 originem
609 3320 682 3362 fuisse
705 3321 793 3361 conicio
814 3328 835 3362 et
856 3321 973 3362 insolitam

215 3389 317 3453 vocalmli
330 3393 403 3432 cruris
413 3392 459 3432 vim
474 3398 496 3431 et
509 3390 695 3442 compendiorum
706 3392 783 3440 petrus
797 3390 822 3439 (l.
838 3402 858 3432 e.
870 3391 973 3444 penitus)

216 3469 237 3501 et
247 3463 324 3510 poitur
339 3462 364 3512 (i.
379 3474 400 3504 e.
412 3463 509 3514 poeitae)
524 3473 617 3514 pronam
633 3462 660 3502 ad
675 3461 858 3502 confundendum
874 3463 932 3502 inter
947 3474 974 3504 se

216 3515 398 3556 similitudinem.

277 3584 286 3610 ⁵
300 3581 350 3626 Cir.
357 3585 393 3635 96,
400 3597 432 3634 243
444 3583 539 3637 Soliloq.
548 3586 617 3626 anim.
626 3597 675 3638 cap.
686 3584 710 3626 ts
720 3584 758 3623 *il
771 3598 794 3638 p.
802 3584 840 3626 381
856 3585 899 3627 eol.
909 3584 931 3637 2,
942 3607 975 3634 η.

571 3673 612 3714 434
