2194 4180
105 588 260 666 passione
293 597 348 648 tua
382 585 603 646 tristissimam
641 595 716 646 ante
745 604 861 647 omnes

105 685 245 745 visitasti
268 694 300 745 et
314 693 370 744 tua
383 683 569 760 praesentia
589 684 629 744 ab
644 685 733 745 omni
749 685 861 746 dolore

106 792 139 843 et
161 782 291 843 tristitia
306 781 461 842 recreasti
477 799 515 841 ac
530 798 659 842 summe
670 781 861 842 laetificasti.

148 879 186 939 Et
208 881 359 956 quamvis
380 898 455 942 cum
477 881 551 942 aliis
573 882 701 943 devotis
718 882 862 943 mulieri·

106 978 169 1038 bus
190 978 230 1038 ad
245 978 443 1040 visitandum
459 979 670 1056 sepulchrum
688 989 779 1040 tuum
795 995 885 1039 nons

106 1074 268 1151 transivit,
299 1093 365 1137 non
387 1079 450 1138 hoc
473 1094 513 1138 ex
534 1087 648 1155 tepore
670 1087 724 1138 aut
746 1077 862 1137 timore

106 1175 160 1234 vel
182 1191 260 1250 prae
281 1175 384 1236 nimio
406 1176 519 1238 dolore
549 1177 676 1251 omisit,
707 1175 766 1236 sed
794 1190 863 1233 cer-

107 1271 235 1332 tissime
257 1282 289 1333 te
320 1283 582 1335 resurrecturum
612 1274 723 1334 sciens
750 1281 783 1333 et
811 1271 863 1332 fir·
903 1353 905 1359 A

107 1369 257 1430 missime
279 1370 374 1430 tertia
395 1371 448 1432 die
470 1372 509 1432 ad
531 1389 567 1432 se
589 1380 763 1432 venturum
790 1386 863 1446 spe-

107 1484 185 1527 rans
199 1467 287 1527 domi
303 1468 460 1529 remansit
475 1478 507 1529 et
522 1469 725 1530 orationibus
740 1467 899 1528 sanctis10

107 1567 239 1628 interim
261 1585 382 1628 vacans
397 1568 572 1628 adventum
592 1577 683 1627 tuum
699 1565 863 1626 desiderio

109 1681 226 1742 magno
248 1666 440 1741 expectavit.
470 1666 508 1726 Et
530 1665 604 1725 ideo
625 1665 731 1741 primo
750 1663 863 1723 videre

108 1772 141 1822 te
163 1761 293 1837 meruit,
314 1778 412 1838 quem
431 1779 509 1839 prae
524 1761 677 1822 omnibus
691 1761 810 1822 amavit
831 1770 864 1821 et

108 1860 317 1935 desideravit,
339 1859 372 1919 in
393 1876 490 1936 quem
513 1858 650 1920 credidit
665 1869 697 1918 et
718 1859 751 1918 in
773 1857 864 1918 nullo

108 1957 277 2018 dubitavit.
307 1955 341 2017 Si
364 1956 452 2017 enim
474 1957 567 2017 beata
588 1955 673 2016 dicta
695 1965 745 2015 est
760 1953 901 2014 Mariars

109 2065 143 2116 et
165 2055 302 2130 laudata,
333 2070 416 2130 quae
437 2053 543 2131 angeli
567 2052 734 2115 Gabrielis
754 2051 865 2111 verbis

110 2153 259 2228 credidit,
281 2152 409 2230 quando
432 2152 462 2211 ei
484 2168 613 2211 sacrum
632 2149 865 2210 incarnationis

110 2250 305 2328 mysterium
320 2249 492 2325 nuntiavit,
507 2266 602 2326 quam
615 2247 755 2308 maxime
766 2247 865 2307 beati·

110 2348 238 2408 licanda
269 2357 366 2424 atque
398 2347 557 2407 laudanda
591 2355 658 2421 est,
693 2362 776 2422 quae
807 2344 864 2404 tibi

110 2444 180 2504 lilio
208 2462 268 2505 suo
291 2462 331 2505 ex
353 2462 389 2504 se
411 2454 486 2505 nato
515 2444 549 2504 in
578 2443 732 2504 omnibus
760 2442 901 2519 operi-ao

108 2545 173 2603 bus
194 2544 259 2604 tuis
281 2542 418 2603 credidit
439 2551 471 2602 et
492 2541 566 2602 aliis
587 2542 693 2602 adhuc
719 2541 866 2601 dubitan-

108 2640 199 2701 tibus
221 2640 357 2701 firmiter
388 2640 477 2700 stetit
508 2650 540 2700 et
571 2640 604 2700 in
636 2641 727 2700 nulla
754 2657 790 2699 re
812 2657 865 2699 va·

109 2737 243 2798 cillavit.

153 2833 181 2895 0
211 2851 307 2911 quarn
337 2835 495 2896 ineffabili
524 2835 641 2912 gaudio
670 2835 794 2911 repleta
815 2844 865 2894 est

109 2932 145 2992 in
180 2932 236 2993 illa
269 2934 351 2993 hora
381 2942 493 2993 sancta
528 2932 633 2993 Maria
668 2917 771 2992 mater
801 2941 902 3005 tua‚2s

109 3031 240 3107 quando
276 3040 307 3090 te
344 3029 445 3091 lilium
482 3047 578 3090 suum
615 3031 647 3090 in
691 3028 865 3106 splendore

109 3128 248 3189 candido
271 3137 303 3188 et
324 3126 468 3204 glorioso
490 3144 627 3204 corpore
657 3145 757 3204 super
785 3127 866 3186 solis

108 3225 289 3285 claritatem
312 3233 344 3284 et
365 3223 511 3284 omnium
534 3224 701 3284 stellarum
723 3223 866 3301 pulchri-

107 3323 256 3383 tudinem
278 3322 359 3382 vidit
380 3322 581 3381 adornatum.
624 3320 653 3382 Ο
681 3338 777 3398 quam
801 3337 866 3380 ma-

14 3491 15 3508 ]
109 3419 196 3480 xime
219 3430 251 3480 et
273 3420 458 3480 cordialiter
472 3419 628 3480 exultavit
643 3419 779 3496 spiritus
793 3419 902 3482 eiusso

109 3518 142 3578 in
165 3528 207 3594 te,
231 3518 316 3591 lesu,
340 3518 421 3592 Deo,
442 3516 575 3577 salutari
598 3534 669 3592 suo,
697 3533 774 3594 prae
797 3533 864 3576 om-

470 3621 511 3662 zea
