2152 4174
79 378 826 488 Qfflmofflffi

72 567 111 626 ab
126 566 282 627 omnibus
295 575 373 626 tunc
390 566 519 627 ludaeis
538 567 721 642 maledicto,
742 584 829 627 nunc

73 683 151 726 vero
187 666 227 726 ab
263 665 429 726 universis
465 663 665 726 Christianis
701 681 829 724 summo

73 765 199 824 honore
244 779 344 839 super
387 763 498 823 omnia
545 761 633 839 ligna
674 762 829 823 silvarum

72 861 257 936 benedicto,
278 861 312 921 in
334 877 398 938 quo
419 860 523 922 ferme
537 860 642 920 tribus
664 859 755 920 horis
776 870 830 920 aut

72 959 215 1036 amplius
249 976 309 1035 pro
346 969 458 1019 nostra
498 957 683 1035 pependisti
726 959 854 1020 salutes

73 1075 190 1134 magna
212 1065 245 1117 et
266 1056 427 1118 mirabilia
448 1056 613 1132 operando
635 1055 744 1116 crucis
762 1073 832 1133 my-

73 1154 174 1214 steria
216 1154 274 1213 toti
310 1155 432 1214 mundo
470 1154 611 1214 maxime
653 1154 832 1230 profutura.

73 1251 204 1328 Nempe
227 1251 386 1312 exaltatus
407 1269 445 1312 es
466 1268 485 1310 a
505 1260 601 1328 terra,
624 1261 659 1312 ut
681 1253 734 1329 pia
756 1252 833 1312 lide-

72 1349 153 1411 lium
176 1357 311 1424 pectora
331 1349 372 1409 ad
391 1358 424 1409 te
445 1365 577 1409 sursum
602 1352 766 1426 traheres,
790 1368 832 1410 ne

73 1446 106 1506 in
121 1447 201 1506 imis
216 1447 487 1508 delectationibus
503 1447 684 1526 fluitarent3
698 1460 733 1510 ut
748 1467 833 1510 ama·
845 1469 869 1511 ro

73 1545 140 1605 tiva
162 1545 262 1605 corda
290 1545 481 1606 devotorum
511 1545 544 1604 in
571 1547 832 1622 compassionem

74 1644 120 1704 tui
151 1644 365 1704 mollesceres
394 1652 425 1703 et
454 1644 622 1704 ardentius
643 1662 702 1720 per
723 1644 835 1721 imagi·

75 1759 150 1802 nem
184 1741 293 1801 crucis
324 1741 539 1817 accendereS,
570 1751 605 1802 ut
635 1746 749 1803 abreas
779 1760 835 1819 po·

75 1848 212 1900 testates
234 1849 385 1916 potenter
405 1857 442 1899 ac
457 1840 562 1916 palam
585 1840 618 1900 in
639 1849 741 1900 temet
762 1839 834 1915 ipso

77 1938 308 2014 triumphares,
324 1947 358 1998 ut
373 1954 431 2013 pro
446 1938 744 2014 transgressoribus
760 1955 871 2013 sup-15

79 2036 208 2111 pliciter
228 2053 382 2096 exorares
405 2045 436 2096 et
459 2036 611 2095 omnibus
626 2053 705 2097 vere
726 2035 835 2112 paeni·

79 2133 223 2194 tentibus
262 2132 496 2209 indulgentiam
532 2133 725 2209 plenissime
760 2151 836 2194 con·

81 2230 202 2306 ferres,
230 2239 265 2290 ut
287 2247 370 2307 quae
392 2230 426 2290 in
448 2230 549 2291 caelis
570 2240 663 2306 sunt,
692 2239 724 2290 et
752 2246 835 2306 quae

81 2327 111 2387 in
133 2328 249 2403 terris,
272 2345 332 2404 per
352 2337 491 2388 mortem
512 2337 600 2388 tuam
623 2327 837 2388 amicabiliter

81 2426 269 2501 pacificares
291 2443 327 2486 ac
350 2425 475 2502 integre
497 2436 708 2486 restaurares.
844 2449 872 2490 ao

65 2537 66 2540 ’
118 2522 242 2600 Aspice
263 2540 351 2583 nunc
373 2540 519 2600 sursum,
542 2524 733 2585 fidelissime
761 2525 835 2584 lesu

83 2619 211 2697 lamule,
233 2630 265 2682 et
288 2621 373 2681 inter
389 2622 452 2681 alta
467 2639 590 2682 cornua
605 2622 712 2683 crucis
728 2622 835 2682 Deum

83 2735 115 2777 ac
146 2718 388 2794 redemptorem
418 2729 509 2779 tuum
546 2720 630 2781 tristi
666 2721 763 2780 corde
799 2737 836 2779 ac

83 2818 170 2877 vultu
193 2817 321 2893 lugubri
343 2818 514 2894 speculare
538 2819 745 2894 pendentem.
789 2817 836 2877 En

84 2914 219 2976 dilectus
240 2924 318 2975 tuus
340 2916 448 2976 nudus
465 2933 502 2975 se
517 2916 574 2976 tibi
590 2915 767 2976 videndum
783 2932 872 2981 err-25

84 3011 185 3088 hibet;
215 3021 278 3072 stat
301 3011 374 3072 lixis
395 3013 551 3089 pedibus,
579 3023 670 3074 tuum
693 3021 837 3090 praesto·

85 3109 163 3170 latur
194 3111 387 3186 adventum,
423 3110 561 3172 liberum
593 3111 756 3172 desiderat
786 3129 837 3171 ac·

31 3239 32 3242 =
87 3223 221 3270 cessum.
252 3208 411 3283 Expandit
432 3208 656 3268 amantissima
676 3208 837 3283 bracchia,

33 3375 34 3378 Ἴ
87 3306 217 3366 vulnera
246 3305 388 3366 ostendit
419 3314 546 3382 aperta,
577 3315 672 3382 caput
703 3305 837 3366 inclinat

89 3403 122 3461 ad
148 3404 316 3478 osculum,
344 3412 475 3479 paratus
503 3404 543 3463 ad
571 3403 704 3480 gratiam
734 3411 765 3462 te
788 3419 874 3464 re-so

35 3545 36 3556 ,
90 3499 189 3575 cipere
222 3510 254 3561 et
286 3500 395 3561 omnia
425 3510 557 3577 peccata
592 3501 714 3577 absque
747 3516 838 3559 mora

443 3606 481 3648 ns
702 3603 731 3644 a·
