2142 4172
86 459 840 572 &Qunam

84 649 118 709 in
143 649 254 725 iubilo,
276 650 360 710 sicut
374 652 600 726 prophetatum
617 660 667 710 est
682 650 722 710 de
744 666 783 709 eo
806 650 838 709 in

84 747 222 822 psalmo.
263 748 331 808 Vos
353 764 447 824 ergo,
477 765 560 826 quae
582 747 719 808 audistis
740 758 772 806 et
793 747 839 806 vi-

85 844 198 921 distis,
227 845 299 905 aliis
327 845 514 921 praedicare
543 845 669 905 debetis
697 855 729 905 et
751 844 839 904 testi·

86 942 188 1018 ficari,
209 943 294 1003 sicut
308 943 435 1003 iussum
451 953 501 1003 est
516 942 619 1004 vobis,
649 942 713 1002 Hic
730 942 838 1018 itaque

85 1041 191 1115 lesus,
213 1040 268 1117 qui
284 1050 472 1117 assumptus
493 1050 543 1100 est
565 1039 691 1100 avobis
713 1039 746 1099 in
768 1056 862 1102 cae-5

84 1137 172 1212 lum,
199 1137 247 1197 sic
269 1138 379 1198 veniet
400 1137 536 1213 iterum,
565 1136 838 1215 quemadmodum

83 1234 215 1295 vidistis
237 1252 312 1296 eum
336 1245 468 1296 euntem
491 1236 525 1296 in
542 1236 679 1295 caelum.
721 1234 840 1295 Veniet

83 1343 195 1393 autem
231 1343 308 1394 tunc
344 1351 418 1394 cum
462 1351 578 1410 magna
611 1341 770 1410 potestate
808 1342 839 1393 et

82 1429 188 1508 gloria
209 1431 248 1490 ad
270 1431 478 1492 iudicandum
501 1432 595 1493 vivos
623 1441 655 1491 et
683 1439 839 1506 mortuos,

83 1528 142 1605 qui
165 1530 262 1590 modo
283 1530 418 1590 humilis
437 1540 469 1590 et
484 1529 573 1591 mitis
587 1528 733 1606 apparuit
754 1528 838 1603 apud
850 1550 875 1592 ro

82 1643 146 1687 vos
168 1627 202 1686 in
224 1636 325 1702 terra,
353 1637 388 1687 ut
415 1628 610 1703 perduceret
638 1625 780 1686 humiles
802 1643 838 1686 se

82 1734 264 1802 sequentes
285 1725 325 1786 ad
346 1725 500 1786 caelestia
521 1742 629 1801 regna.

128 1823 311 1882 Recordare
321 1841 419 1898 nunc,
434 1824 581 1896 obsecro,
597 1820 660 1880 mei
676 1820 839 1896 pauperis,

83 1919 256 1981 carissime
279 1921 364 1997 lesu,
385 1921 418 1981 in
440 1921 542 1998 gloria
563 1930 625 1980 tua.
657 1919 839 1979 Recordare

82 2026 118 2078 et
140 2018 298 2078 miserere
327 2019 390 2079 mei
420 2019 526 2079 exulis
554 2028 586 2079 et
614 2016 776 2094 peregrini
805 2017 875 2082 inis

82 2118 146 2176 hac
168 2116 252 2176 valle
275 2117 481 2177 lacrimarum
499 2116 657 2191 derelicti,
677 2113 839 2192 gementis

82 2223 118 2274 et
139 2214 292 2274 eiulantis
316 2215 402 2275 inter
423 2215 529 2275 varias
557 2212 785 2289 temptationes
807 2220 839 2271 et

83 2312 331 2389 inquietudines
346 2313 432 2373 vitae
446 2311 629 2389 praesentis
651 2327 707 2370 cor
728 2327 838 2369 meum

82 2428 103 2470 a
125 2410 321 2470 caelestibus
343 2410 437 2470 bonis
459 2409 651 2486 saepissime
673 2408 838 2467 retrahen-

82 2516 145 2567 tes.
187 2504 293 2567 Trahe
322 2524 399 2583 ergo
428 2523 480 2566 me
509 2515 582 2582 post
606 2514 648 2579 te,
671 2505 745 2565 lesu
768 2504 874 2569 feli-ao

83 2604 229 2679 cissime‚
251 2616 285 2664 ut
307 2621 426 2680 sequar
447 2616 478 2664 te
493 2603 644 2680 passibus
659 2602 761 2662 sancti
785 2603 839 2661 de·

82 2701 198 2762 siderii
209 2713 241 2762 et
252 2701 410 2762 ferventis
420 2702 550 2782 amoris,
561 2701 616 2777 qui
627 2718 693 2761 non
703 2716 837 2776 possum

83 2809 117 2860 te
148 2800 241 2877 sequi
272 2799 410 2876 pedibus
440 2798 595 2874 corporis.
647 2792 773 2874 Sequa'r
807 2806 838 2856 te

81 2917 145 2976 per
165 2899 250 2958 viam
266 2896 457 2958 humilitatis
479 2908 511 2956 et
526 2894 735 2957 humanitatis
755 2903 838 2970 tuae,

82 3000 140 3077 qui
164 3018 228 3060 non
251 3018 323 3060 sum
347 2999 463 3076 dignus
492 3010 524 3060 et
545 3011 639 3077 aptus
666 3011 698 3062 te
726 3002 874 3062 viderezs

83 3100 118 3160 in
142 3098 310 3158 altitudine
333 3097 462 3157 divinae
485 3098 672 3160 maiestatis.

126 3194 156 3256 Ο
179 3196 272 3256 beata
293 3196 393 3271 visio,
422 3197 534 3256 videre
557 3198 663 3258 Deum
693 3200 778 3258 clare
804 3199 837 3259 in

83 3303 191 3356 semet
215 3293 304 3371 ipso,
335 3295 420 3355 sicut
442 3294 569 3354 videtur
590 3296 629 3355 ab
651 3297 775 3374 angelis
806 3309 838 3358 et

83 3392 238 3455 omnibus
266 3392 387 3452 sanctis
413 3392 476 3452 iam
505 3392 650 3468 perlecte
674 3395 708 3456 in
737 3397 837 3457 caelo.

85 3493 125 3553 Et
153 3508 241 3551 nunc
269 3491 338 3551 scio
360 3508 455 3567 vere,
487 3491 562 3568 quia
583 3510 760 3569 numquam
789 3511 873 3554 sano

84 3589 156 3651 tiari
192 3599 299 3667 potest
334 3606 395 3649 nec
426 3589 563 3665 quietari
599 3591 717 3666 poterit
750 3601 837 3651 totus

440 3695 478 3736 sn
