2194 4180
226 620 415 682 iubilatione
437 623 637 684 canticorum
661 623 694 683 in
715 624 901 700 paradisum
924 641 979 684 vo·

226 719 357 795 luptatis
379 729 411 780 et
432 729 584 780 aeternae
607 720 781 781 felicitatis

267 814 445 892 Congaude
460 827 552 894 ertu,
568 827 679 879 sancte
690 819 871 895 patriarcha
881 818 981 880 Abra·
1084 832 1093 849 ⁴

225 914 311 988 ham,
332 914 506 974 multarum
522 916 668 992 gentium
684 925 785 992 pater,
801 934 875 977 cum
893 917 981 992 Sara,

201 1009 313 1071 slideli
358 1013 496 1089 coniuge
545 1023 619 1089 tua,
668 1014 709 1074 de
758 1015 981 1076 incarnatione

226 1108 352 1170 Christi
387 1110 445 1170 tibi
481 1111 644 1186 promissa
679 1121 712 1172 et
746 1111 779 1172 in
815 1111 980 1188 praesenti
1087 1111 1093 1165 l

226 1205 402 1268 testivitate
424 1209 602 1295 completa3
624 1209 718 1269 cuius
740 1209 826 1269 diem
849 1209 905 1269 diu
928 1226 981 1269 ex-

224 1306 360 1382 pectasti
392 1315 424 1366 et
455 1306 572 1382 optasti
605 1307 726 1368 videre.
779 1308 866 1385 Quia
897 1307 982 1368 sicut

226 1402 361 1463 firmiter
377 1403 555 1480 credidisti,
570 1405 615 1465 ita
628 1405 692 1466 iam
708 1406 869 1467 veraciter
885 1406 983 1468 Chri·
1081 1431 1093 1452 »

190 1520 215 1561 ιο
225 1511 311 1563 stum
327 1502 479 1562 caelestis
494 1503 585 1578 regni
597 1503 786 1564 donatorem
799 1521 839 1565 ex
854 1503 982 1564 semine

226 1609 280 1660 tuo
302 1609 413 1660 natum
436 1600 519 1659 laeta
541 1600 624 1660 facie
646 1600 759 1661 videre
781 1600 941 1661 meruisti.

267 1696 502 1774 Congratulare
539 1706 570 1758 et
601 1707 653 1774 tu,
683 1706 776 1775 pater
805 1698 983 1758 senissimo
1094 1745 1095 1748 ,

226 1794 326 1870 Isaac,
341 1795 381 1855 de
392 1795 479 1854 clara
492 1794 621 1855 visione
633 1793 759 1856 Christi
776 1805 808 1855 et
817 1795 982 1855 descensu

226 1891 298 1951 eius
329 1892 368 1952 ad
398 1891 540 1968 inleros,
570 1893 611 1952 de
642 1910 706 1970 quo
737 1903 811 1954 ante
842 1902 982 1953 mortem

191 2011 216 2053 rs
226 1999 313 2049 tuam
329 1991 529 2066 prophetasti
550 1999 582 2050 et
597 1990 630 2050 in
646 1990 870 2051 benedicendo
886 1989 983 2050 Iacob

227 2085 328 2147 lilium
360 2098 452 2148 tuum
484 2087 633 2164 mysticis
668 2087 778 2148 verbis
810 2087 982 2148 Christum

226 2201 326 2260 super
361 2202 477 2245 omnes
513 2194 644 2245 sanctos
674 2185 883 2246 benedictum
912 2185 984 2260 pul-

227 2282 349 2342 chriter
376 2282 590 2359 praesignasti
615 2291 647 2343 et
671 2282 907 2344 commendasti
936 2281 984 2342 di-

226 2397 321 2440 cens:
344 2379 429 2440 Ecce
449 2380 531 2441 odor
552 2380 609 2440 lilii
632 2380 697 2441 mei
720 2381 805 2441 sicut
820 2379 901 2439 odor
915 2377 983 2455 agri

189 2477 324 2552 mpleni,
346 2477 398 2537 cui
414 2477 582 2538 benedixit
598 2478 770 2539 Dominus.
800 2477 866 2555 Qui
882 2478 984 2537 male-

226 2574 343 2634 dixerit
353 2573 421 2649 tibi,
437 2575 480 2635 sit
488 2575 544 2635 ille
555 2575 758 2651 maledictus,
769 2584 801 2635 et
816 2574 871 2651 qui
884 2574 984 2634 bene·

226 2670 343 2732 dixerit
364 2671 432 2748 tibi,
454 2672 737 2732 benedictionibus
759 2672 933 2749 repleatur.

269 2770 445 2846 Propterea
467 2780 499 2831 et
521 2787 581 2847 ego
603 2771 685 2830 haec
714 2769 851 2829 audiens
881 2776 913 2828 et
938 2768 984 2828 le·
1092 2797 1095 2824 l

225 2883 307 2943 gens
328 2868 448 2944 gratias
470 2885 528 2945 ago
545 2868 613 2944 tibi,
636 2869 707 2928 Deo
729 2884 813 2943 meo,
836 2876 868 2927 et
883 2883 986 2943 super

189 2964 336 3025 asomnia
357 2975 543 3026 sanctorum
563 2964 698 3024 nomina
712 2963 870 3024 benedico
886 2963 984 3023 dulce

225 3079 346 3123 nornen
375 3072 485 3138 tuum,
514 3061 704 3122 dulcissime
734 3063 809 3123 Iesu
837 3060 985 3136 Christe,

226 3169 261 3220 ut
283 3158 336 3218 hic
358 3167 391 3219 et
412 3159 446 3219 in
468 3169 636 3220 aeternum
659 3175 787 3220 merear
808 3175 826 3218 a
852 3166 884 3218 te
906 3175 984 3218 cum

226 3257 340 3318 electis
362 3256 512 3317 benedici
536 3266 568 3317 et
590 3256 786 3317 caelestibus
808 3256 904 3316 bonis
933 3272 985 3316 re·

225 3355 307 3431 pleri
337 3364 369 3415 et
397 3372 471 3415 cum
495 3354 620 3431 angelis
642 3354 764 3415 sanctis
793 3352 984 3414 beatificari.
1094 3395 1095 3428 ;

188 3473 216 3516 ao
267 3453 400 3512 Laetare
411 3463 443 3513 et
454 3463 498 3528 tu,
515 3453 620 3529 Iacob,
636 3454 774 3514 luctator
791 3452 985 3529 fortissime,

226 3550 258 3610 in
281 3551 341 3609 hac
364 3551 426 3625 die,
448 3550 587 3610 maxime
611 3551 651 3610 de
673 3549 805 3611 caelesti
825 3549 928 3640 gloria
950 3559 985 3610 et

584 3655 625 3696 222
