2118 4180
92 415 823 530 malim&

85 609 213 683 darete,
233 624 332 684 quem
355 607 486 666 laudare
508 605 604 666 debet
619 604 726 664 omnis
742 622 830 666 crea-

83 715 162 765 tura:
183 705 322 766 maxime
340 714 447 765 autem
463 704 562 764 homo
578 702 754 777 rationalis,
776 702 828 762 cui

83 813 161 863 tanta
173 804 258 863 bona
272 819 350 879 prae
366 802 484 863 ceteris
499 801 675 861 contulisti.
698 799 830 876 Opater

82 901 370 962 misericordiarum
401 907 432 958 et
454 900 545 959 Deus
571 897 717 958 infinitae
738 898 829 958 boni·

81 999 158 1075 tatis,
179 1000 247 1059 scio
270 1015 348 1059 vere
371 1007 403 1058 et
422 998 579 1058 confiteor
594 1014 634 1057 ex
648 1007 716 1058 toto
731 999 829 1058 corde
852 1013 865 1054 5

82 1113 128 1155 me
144 1097 241 1157 nimis
261 1096 429 1156 sordidum
445 1104 648 1171 peccatorem
665 1111 740 1155 esse
755 1103 830 1155 ante

81 1204 125 1253 te:
159 1211 255 1271 quem
288 1193 392 1270 magis
422 1193 516 1252 decet
547 1200 707 1267 prostrato
738 1194 828 1252 vultu

81 1311 146 1353 cum
170 1294 247 1353 fletu
266 1301 298 1352 ct
312 1292 435 1369 gemitu
450 1291 578 1351 veniam
595 1299 717 1365 petere,
732 1306 828 1365 quam

79 1390 299 1451 dulcissimum
315 1405 435 1449 nomen
450 1397 541 1448 tuum
553 1388 676 1464 polluto
692 1404 748 1447 ore
763 1387 830 1447 lau·

78 1487 149 1548 dare
170 1498 203 1549 et
224 1488 404 1548 nominare.
841 1502 865 1543 ro

116 1585 176 1646 Sed
198 1596 308 1646 tamen
330 1586 370 1644 de
392 1595 447 1644 tua
466 1583 614 1659 piissima
628 1583 770 1642 bonitate
792 1598 829 1640 ac

79 1682 194 1758 ingenti
218 1682 391 1743 dulcedine
414 1679 559 1740 conlisus
587 1679 683 1755 cupio
707 1689 739 1740 te
763 1680 830 1738 lau·

77 1780 147 1841 dare
179 1798 220 1840 ex
258 1778 382 1839 intimis
413 1776 613 1853 praecordiis
653 1778 829 1836 obsecrans

78 1879 199 1938 viscera
220 1876 467 1938 miserationum
489 1885 629 1948 tuarum,
651 1883 686 1932 ut
702 1889 755 1932 me
771 1873 829 1931 im-

76 1976 227 2036 mundum
259 1974 475 2034 vermiculum
511 1983 543 2032 et
578 1971 742 2048 putridum
779 1989 864 2033 ca·1⁵

76 2075 169 2135 daver
191 2091 257 2134 non
280 2072 442 2148 despicias
466 2087 526 2130 nec
549 2087 567 2129 a
588 2068 750 2145 magnifici
773 2086 829 2128 no-

76 2172 169 2231 minis
212 2171 258 2231 tui
302 2170 486 2230 laudatione
529 2168 729 2243 suspendaS‚
771 2167 828 2226 sed

77 2271 180 2330 omnia
215 2267 371 2328 interiora
400 2282 473 2326 mea
505 2282 579 2324 cum
615 2264 733 2324 devota
763 2263 829 2323 oris

76 2367 261 2427 iubilatione
290 2365 330 2425 ad
359 2364 553 2425 laudandum
584 2375 616 2426 te
645 2363 769 2425 excites
798 2373 829 2423 et

76 2465 241 2525 accendas.
837 2481 865 2523 ao

114 2563 198 2622 Laus
220 2569 291 2635 tua,
320 2561 429 2635 Deus,
459 2568 493 2620 tu
523 2559 593 2635 ipse
622 2576 675 2635 es3
706 2575 767 2619 nec
790 2560 828 2618 ab

76 2659 180 2736 aliquo
209 2658 340 2735 dignius
368 2657 526 2733 laudariS‚
555 2658 617 2716 nisi
648 2675 666 2717 a
693 2657 829 2732 teipso,

76 2757 126 2832 qui
149 2773 187 2816 es
209 2772 318 2815 rerum
334 2755 479 2815 omnium
497 2755 645 2815 conditor
659 2763 691 2815 et
706 2762 829 2814 rector:

75 2871 174 2930 aquo
198 2862 315 2913 cuncta
335 2853 456 2913 habent
477 2852 654 2929 originem,
675 2851 827 2911 virtutem

75 2962 105 3010 et
131 2950 354 3026 operationem
385 2950 417 3010 in
449 2950 494 3010 tui
526 2949 669 3010 nominis
700 2950 865 3013 laudemas

76 3060 104 3108 et
118 3048 400 3109 honorificentiam
417 3049 614 3108 tendentem.
636 3047 829 3106 Laudandus

76 3164 109 3206 es
130 3164 208 3224 ergo
231 3163 363 3222 semper
384 3155 416 3206 et
437 3147 476 3205 ab
498 3145 586 3204 omni
607 3154 754 3204 creatura
775 3152 829 3203 tua

75 3244 327 3306 benedicendus.
364 3244 428 3305 Sed
444 3261 574 3304 omnem
590 3241 718 3302 laudem
739 3259 829 3317 prae·

76 3344 177 3418 cellit,
206 3358 280 3402 cum
308 3358 402 3402 mens
423 3351 511 3402 tuam
534 3341 721 3417 dignitatem
744 3339 830 3415 cogi-

76 3450 143 3501 tans
172 3457 232 3517 pro
261 3448 315 3500 tua
343 3439 482 3499 maxima
502 3438 645 3498 bonitate
668 3445 699 3496 te
721 3436 865 3511 ipsumao

77 3540 258 3601 collaudare
287 3538 320 3598 in
345 3547 376 3597 te
398 3537 470 3613 ipso
492 3536 663 3597 desiderat.
707 3534 829 3595 Laudet

445 3643 460 3685 s
