2142 4172
89 599 194 660 tristis
225 599 333 659 luero:
369 600 434 660 Pax
465 599 539 675 tibi,
569 617 630 677 ego
658 617 748 677 sum,
778 602 844 662 noli

89 697 217 758 timere.
260 698 326 757 Pax
354 697 428 773 tibi,
455 697 500 758 nil
530 697 706 758 iucundius
731 699 770 759 ad
792 718 846 760 au·

89 795 263 872 diendum3
289 812 348 872 ego
370 813 455 871 sum,
476 795 556 855 nihil
580 795 709 856 felicius
731 797 769 857 ad
791 799 846 857 ha-

89 894 251 969 bendum3
279 893 345 952 noli
368 893 501 969 timere,
528 893 609 953 nihil
635 894 784 955 securius
805 895 845 955 ad

88 991 313 1070 gaudendum3
348 1008 426 1051 ecce
462 1008 521 1069 ego
556 990 725 1051 vobiscum
762 1009 868 1068 sum‚5

89 1089 172 1149 nihil
195 1088 323 1148 dulcius
338 1089 377 1148 ad
400 1088 584 1164 fruendum,
606 1088 758 1148 omnibus
780 1089 846 1149 die·

88 1187 152 1246 bus
180 1186 345 1262 usquead
370 1185 684 1246 consummationem
706 1187 846 1262 saeculi3

88 1284 136 1344 nil
166 1283 287 1344 certius
316 1291 348 1344 et
370 1283 495 1344 firmius
524 1284 563 1344 ad
592 1284 791 1344 credendum
814 1293 846 1344 et

89 1381 302 1443 obtinendum
325 1381 423 1441 vitam
447 1391 622 1442 aeternam.

131 1481 161 1542 Ο
185 1481 343 1556 Domine,
367 1480 524 1558 quidquid
546 1482 667 1556 habeo,
688 1480 844 1557 quidquid
856 1495 881 1536 ιο

88 1580 187 1640 video
209 1587 241 1638 et
262 1577 429 1652 desidero,
457 1586 559 1638 totum
589 1577 669 1639 nihil
699 1587 749 1638 est
773 1578 845 1638 sine

88 1688 131 1739 te.
169 1677 204 1737 In
227 1685 258 1736 te
280 1676 350 1735 solo
373 1675 482 1736 omnia
502 1677 587 1736 bona
607 1694 690 1752 mea,
711 1676 756 1735 nil
779 1693 845 1736 me-

89 1775 165 1850 lius,
186 1774 231 1834 nil
247 1774 436 1851 perfectius,
457 1774 502 1834 nil
518 1774 627 1850 ditius,
648 1774 693 1834 nil
709 1774 845 1834 beatius.

90 1875 169 1935 Ideo
197 1883 263 1934 tota
283 1889 360 1950 spes
382 1889 471 1948 mea,
499 1881 640 1933 totores
664 1890 752 1948 mea,
780 1882 846 1932 tota

89 1972 180 2032 salus
196 1989 279 2047 mea,
300 1980 366 2032 tota
381 1989 442 2047 pax
457 1987 530 2030 mea
544 1971 577 2030 in
593 1979 635 2045 te,
658 1972 739 2048 Deo,
761 1972 882 2032 salu-15

87 2070 149 2130 tari
165 2088 249 2146 meo,
265 2081 297 2132 et
311 2087 376 2130 non
392 2070 425 2130 in
436 2070 499 2130 alio
515 2086 722 2147 quocumque
738 2077 845 2128 creato

88 2168 175 2227 bono
211 2167 447 2244 quantumlibet
484 2167 640 2243 pulchro,
677 2165 777 2226 nobili
814 2174 846 2226 et

89 2281 216 2341 magno.
262 2265 344 2325 Dico
374 2282 451 2342 ergo
481 2274 512 2325 et
541 2281 598 2324 oro
627 2281 701 2324 cum
733 2272 845 2323 sancto

88 2373 123 2424 et
144 2363 258 2423 humili
282 2363 470 2423 Francisco:
496 2364 587 2423 Deus
609 2379 703 2422 meus
725 2371 757 2422 et
779 2378 846 2421 om-

89 2461 154 2536 nia,
175 2477 241 2522 non
264 2462 359 2538 cupio
381 2462 483 2538 plura.
526 2460 559 2521 Si
585 2461 713 2538 quando
736 2460 769 2520 in
791 2461 881 2520 tri-20

88 2558 255 2620 bulatione
277 2559 370 2620 luero
393 2568 425 2619 et
446 2559 591 2635 privatus
609 2558 737 2618 interno
759 2560 844 2619 bono

88 2665 122 2717 et
137 2655 269 2731 solacio,
284 2655 401 2716 iterum
418 2654 490 2715 dico
506 2664 537 2715 et
552 2671 625 2714 oro:
644 2654 736 2714 Deus
751 2672 845 2715 meus

88 2763 122 2815 et
143 2753 260 2814 omnia.
304 2753 357 2812 Nil
380 2754 454 2829 plus
476 2753 561 2830 volo,
585 2753 630 2812 nil
653 2752 759 2829 cupio,
780 2753 843 2812 nisi

88 2863 131 2928 te,
154 2853 245 2913 Deus
260 2870 364 2929 meus,
386 2853 441 2929 qui
460 2870 496 2913 es
514 2852 623 2912 omnia
637 2853 670 2912 in
693 2853 844 2914 omnibus

88 2958 122 3010 et
143 2967 243 3028 super
264 2950 373 3011 omnia
393 2958 425 3010 et
440 2959 513 3010 ante
529 2949 638 3010 omnia
653 2951 881 3011 benedictuszs

87 3048 284 3110 insaecula.
328 3048 485 3123 Domine,
514 3049 553 3108 da
581 3047 660 3107 mihi
690 3050 771 3109 haec
798 3049 844 3108 in-

87 3156 176 3207 tente
199 3146 340 3224 cogitare
362 3155 394 3206 et
415 3162 547 3222 semper
561 3145 677 3204 devote
697 3145 843 3221 implere.

87 3244 204 3306 Amen.

452 3374 479 3428 ἢ
