<?xml version="1.0" encoding="UTF-8"?>
<!DOCTYPE html PUBLIC "-//W3C//DTD XHTML 1.0 Transitional//EN"
    "http://www.w3.org/TR/xhtml1/DTD/xhtml1-transitional.dtd">
<html xmlns="http://www.w3.org/1999/xhtml" xml:lang="en" lang="en">
 <head>
  <title>
</title>
<meta http-equiv="Content-Type" content="text/html;charset=utf-8" />
  <meta name='ocr-system' content='tesseract 3.04.00' />
  <meta name='ocr-capabilities' content='ocr_page ocr_carea ocr_par ocr_line ocrx_word'/>
</head>
<body>
  <div class='ocr_page' id='page_1' title='image "./thomaehemerkena02pohlgoog_0205.png"; bbox 0 0 2194 4180; ppageno 0'>
   <div class='ocr_carea' id='block_1_1' title="bbox 265 422 1001 532">
    <p class='ocr_par' dir='ltr' id='par_1_1' title="bbox 265 422 1001 532">
     <span class='ocr_line' id='line_1_1' title="bbox 265 422 1001 532; baseline -0.001 0"><span class='ocrx_word' id='word_1_1' title='bbox 265 422 1001 532; x_wconf 44' lang='lat' dir='ltr'>Qua-W</span> 
     </span>
    </p>
   </div>
   <div class='ocr_carea' id='block_1_2' title="bbox 233 609 1010 1176">
    <p class='ocr_par' dir='ltr' id='par_1_2' title="bbox 233 609 1010 1176">
     <span class='ocr_line' id='line_1_2' title="bbox 258 609 1007 687; baseline -0.004 -15"><span class='ocrx_word' id='word_1_2' title='bbox 258 612 340 672; x_wconf 86' lang='lat' dir='ltr'>ludit</span> <span class='ocrx_word' id='word_1_3' title='bbox 368 609 560 686; x_wconf 88' lang='lat' dir='ltr'>sanguinem</span> <span class='ocrx_word' id='word_1_4' title='bbox 593 609 722 687; x_wconf 81' lang='lat' dir='ltr'><strong>largiori</strong></span> <span class='ocrx_word' id='word_1_5' title='bbox 751 609 879 686; x_wconf 85' lang='lat' dir='ltr'>pietate.</span> <span class='ocrx_word' id='word_1_6' title='bbox 922 609 1007 672; x_wconf 89' lang='lat' dir='ltr'>Obiit</span> 
     </span>
     <span class='ocr_line' id='line_1_3' title="bbox 256 707 1008 786; baseline -0.004 -17"><span class='ocrx_word' id='word_1_7' title='bbox 256 711 365 786; x_wconf 85' lang='lat' dir='ltr'>itaque</span> <span class='ocrx_word' id='word_1_8' title='bbox 396 725 454 785; x_wconf 92' lang='lat' dir='ltr'>pro</span> <span class='ocrx_word' id='word_1_9' title='bbox 485 717 516 767; x_wconf 85' lang='lat' dir='ltr'>te</span> <span class='ocrx_word' id='word_1_10' title='bbox 547 707 581 766; x_wconf 91' lang='lat' dir='ltr'>in</span> <span class='ocrx_word' id='word_1_11' title='bbox 613 724 710 767; x_wconf 90' lang='lat' dir='ltr'>cruce</span> <span class='ocrx_word' id='word_1_12' title='bbox 734 708 895 767; x_wconf 85' lang='lat' dir='ltr'>Dominus</span> <span class='ocrx_word' id='word_1_13' title='bbox 919 707 1008 766; x_wconf 89' lang='lat' dir='ltr'>lesus</span> 
     </span>
     <span class='ocr_line' id='line_1_4' title="bbox 258 805 1009 882; baseline -0.004 -13"><span class='ocrx_word' id='word_1_14' title='bbox 258 807 426 882; x_wconf 84' lang='lat' dir='ltr'>Christus3</span> <span class='ocrx_word' id='word_1_15' title='bbox 448 805 490 865; x_wconf 88' lang='lat' dir='ltr'>sit</span> <span class='ocrx_word' id='word_1_16' title='bbox 512 822 588 882; x_wconf 90' lang='lat' dir='ltr'>ergo</span> <span class='ocrx_word' id='word_1_17' title='bbox 604 805 660 866; x_wconf 91' lang='lat' dir='ltr'>tibi</span> <span class='ocrx_word' id='word_1_18' title='bbox 678 806 717 865; x_wconf 87' lang='lat' dir='ltr'>de</span> <span class='ocrx_word' id='word_1_19' title='bbox 733 815 842 866; x_wconf 89' lang='lat' dir='ltr'>cetero</span> <span class='ocrx_word' id='word_1_20' title='bbox 864 815 1009 866; x_wconf 86' lang='lat' dir='ltr'>mortuus</span> 
     </span>
     <span class='ocr_line' id='line_1_5' title="bbox 256 903 1009 965; baseline -0.003 -1"><span class='ocrx_word' id='word_1_21' title='bbox 256 915 343 965; x_wconf 87' lang='lat' dir='ltr'>totus</span> <span class='ocrx_word' id='word_1_22' title='bbox 365 903 418 964; x_wconf 89' lang='lat' dir='ltr'>hic</span> <span class='ocrx_word' id='word_1_23' title='bbox 441 903 592 963; x_wconf 92' lang='lat' dir='ltr'>mundus.</span> <span class='ocrx_word' id='word_1_24' title='bbox 636 903 735 963; x_wconf 86' lang='lat' dir='ltr'>Disce</span> <span class='ocrx_word' id='word_1_25' title='bbox 757 903 791 962; x_wconf 93' lang='lat' dir='ltr'>in</span> <span class='ocrx_word' id='word_1_26' title='bbox 813 912 917 962; x_wconf 91' lang='lat' dir='ltr'>morte</span> <span class='ocrx_word' id='word_1_27' title='bbox 938 903 1009 963; x_wconf 89' lang='lat' dir='ltr'>lesu</span> 
     </span>
     <span class='ocr_line' id='line_1_6' title="bbox 233 1000 1010 1065; baseline -0.006 0"><span class='ocrx_word' id='word_1_28' title='bbox 233 1013 330 1065; x_wconf 83' lang='lat' dir='ltr'>stuae</span> <span class='ocrx_word' id='word_1_29' title='bbox 352 1002 466 1062; x_wconf 86' lang='lat' dir='ltr'>mortis</span> <span class='ocrx_word' id='word_1_30' title='bbox 487 1001 650 1062; x_wconf 90' lang='lat' dir='ltr'>recordari</span> <span class='ocrx_word' id='word_1_31' title='bbox 673 1011 705 1062; x_wconf 87' lang='lat' dir='ltr'>et</span> <span class='ocrx_word' id='word_1_32' title='bbox 726 1001 820 1061; x_wconf 90' lang='lat' dir='ltr'>stude</span> <span class='ocrx_word' id='word_1_33' title='bbox 849 1000 946 1060; x_wconf 89' lang='lat' dir='ltr'>etiam</span> <span class='ocrx_word' id='word_1_34' title='bbox 974 1001 1010 1061; x_wconf 91' lang='lat' dir='ltr'>ad</span> 
     </span>
     <span class='ocr_line' id='line_1_7' title="bbox 256 1096 1010 1176; baseline -0.005 -15"><span class='ocrx_word' id='word_1_35' title='bbox 256 1100 462 1161; x_wconf 91' lang='lat' dir='ltr'>moriendum</span> <span class='ocrx_word' id='word_1_36' title='bbox 484 1109 516 1160; x_wconf 91' lang='lat' dir='ltr'>te</span> <span class='ocrx_word' id='word_1_37' title='bbox 538 1116 741 1176; x_wconf 86' lang='lat' dir='ltr'>praeparare.</span> <span class='ocrx_word' id='word_1_38' title='bbox 773 1096 892 1158; x_wconf 90' lang='lat' dir='ltr'>Nescis</span> <span class='ocrx_word' id='word_1_39' title='bbox 914 1097 1010 1172; x_wconf 89' lang='lat' dir='ltr'>enim,</span> 
     </span>
    </p>
   </div>
   <div class='ocr_carea' id='block_1_3' title="bbox 222 1195 1010 1860">
    <p class='ocr_par' dir='ltr' id='par_1_3' title="bbox 222 1195 1010 1860">
     <span class='ocr_line' id='line_1_8' title="bbox 256 1195 1009 1274; baseline -0.003 -16"><span class='ocrx_word' id='word_1_40' title='bbox 256 1197 385 1274; x_wconf 86' lang='lat' dir='ltr'>quando</span> <span class='ocrx_word' id='word_1_41' title='bbox 407 1196 519 1256; x_wconf 85' lang='lat' dir='ltr'>veniet</span> <span class='ocrx_word' id='word_1_42' title='bbox 540 1196 713 1272; x_wconf 87' lang='lat' dir='ltr'>Dominus,</span> <span class='ocrx_word' id='word_1_43' title='bbox 734 1195 854 1271; x_wconf 75' lang='lat' dir='ltr'>nescio,</span> <span class='ocrx_word' id='word_1_44' title='bbox 882 1197 1009 1272; x_wconf 89' lang='lat' dir='ltr'>quando</span> 
     </span>
     <span class='ocr_line' id='line_1_9' title="bbox 255 1295 1009 1373; baseline -0.004 -16"><span class='ocrx_word' id='word_1_45' title='bbox 255 1306 287 1357; x_wconf 85' lang='lat' dir='ltr'>te</span> <span class='ocrx_word' id='word_1_46' title='bbox 309 1296 400 1356; x_wconf 89' lang='lat' dir='ltr'>tollet</span> <span class='ocrx_word' id='word_1_47' title='bbox 423 1295 524 1356; x_wconf 86' lang='lat' dir='ltr'>lactor</span> <span class='ocrx_word' id='word_1_48' title='bbox 552 1306 637 1356; x_wconf 76' lang='lat' dir='ltr'>tuus,</span> <span class='ocrx_word' id='word_1_49' title='bbox 680 1295 787 1373; x_wconf 87' lang='lat' dir='ltr'>Vigila</span> <span class='ocrx_word' id='word_1_50' title='bbox 814 1295 903 1355; x_wconf 94' lang='lat' dir='ltr'>omni</span> <span class='ocrx_word' id='word_1_51' title='bbox 932 1305 1009 1354; x_wconf 89' lang='lat' dir='ltr'>tem-</span> 
     </span>
     <span class='ocr_line' id='line_1_10' title="bbox 256 1391 1010 1470; baseline -0.001 -17"><span class='ocrx_word' id='word_1_52' title='bbox 256 1411 335 1470; x_wconf 88' lang='lat' dir='ltr'>pore</span> <span class='ocrx_word' id='word_1_53' title='bbox 357 1404 389 1454; x_wconf 89' lang='lat' dir='ltr'>et</span> <span class='ocrx_word' id='word_1_54' title='bbox 410 1410 485 1468; x_wconf 85' lang='lat' dir='ltr'>ora,</span> <span class='ocrx_word' id='word_1_55' title='bbox 513 1403 548 1453; x_wconf 89' lang='lat' dir='ltr'>ut</span> <span class='ocrx_word' id='word_1_56' title='bbox 570 1394 687 1454; x_wconf 89' lang='lat' dir='ltr'>bonam</span> <span class='ocrx_word' id='word_1_57' title='bbox 710 1395 824 1453; x_wconf 89' lang='lat' dir='ltr'>horam</span> <span class='ocrx_word' id='word_1_58' title='bbox 852 1391 1010 1452; x_wconf 84' lang='lat' dir='ltr'>invenias.</span> 
     </span>
     <span class='ocr_line' id='line_1_11' title="bbox 222 1489 1010 1567; baseline -0.009 -10"><span class='ocrx_word' id='word_1_59' title='bbox 222 1516 246 1556; x_wconf 90' lang='lat' dir='ltr'>ro</span> <span class='ocrx_word' id='word_1_60' title='bbox 257 1490 311 1550; x_wconf 92' lang='lat' dir='ltr'>Sic</span> <span class='ocrx_word' id='word_1_61' title='bbox 333 1507 401 1567; x_wconf 90' lang='lat' dir='ltr'>age,</span> <span class='ocrx_word' id='word_1_62' title='bbox 423 1490 471 1550; x_wconf 84' lang='lat' dir='ltr'>sic</span> <span class='ocrx_word' id='word_1_63' title='bbox 489 1490 634 1566; x_wconf 88' lang='lat' dir='ltr'>loquere,</span> <span class='ocrx_word' id='word_1_64' title='bbox 656 1490 748 1566; x_wconf 90' lang='lat' dir='ltr'>quasi</span> <span class='ocrx_word' id='word_1_65' title='bbox 771 1490 869 1550; x_wconf 91' lang='lat' dir='ltr'>hodie</span> <span class='ocrx_word' id='word_1_66' title='bbox 885 1489 932 1550; x_wconf 89' lang='lat' dir='ltr'>sis</span> <span class='ocrx_word' id='word_1_67' title='bbox 954 1490 1010 1549; x_wconf 93' lang='lat' dir='ltr'>mi·</span> 
     </span>
     <span class='ocr_line' id='line_1_12' title="bbox 256 1587 1009 1666; baseline -0.001 -18"><span class='ocrx_word' id='word_1_68' title='bbox 256 1599 415 1666; x_wconf 87' lang='lat' dir='ltr'>graturus.</span> <span class='ocrx_word' id='word_1_69' title='bbox 459 1587 558 1648; x_wconf 83' lang='lat' dir='ltr'>Disce</span> <span class='ocrx_word' id='word_1_70' title='bbox 580 1597 654 1648; x_wconf 83' lang='lat' dir='ltr'>ante</span> <span class='ocrx_word' id='word_1_71' title='bbox 676 1598 813 1649; x_wconf 89' lang='lat' dir='ltr'>mortem</span> <span class='ocrx_word' id='word_1_72' title='bbox 841 1588 942 1663; x_wconf 89' lang='lat' dir='ltr'>mori,</span> <span class='ocrx_word' id='word_1_73' title='bbox 970 1605 1009 1647; x_wconf 89' lang='lat' dir='ltr'>ne</span> 
     </span>
     <span class='ocr_line' id='line_1_13' title="bbox 256 1684 1010 1762; baseline 0.001 -17"><span class='ocrx_word' id='word_1_74' title='bbox 256 1703 346 1746; x_wconf 88' lang='lat' dir='ltr'>mors</span> <span class='ocrx_word' id='word_1_75' title='bbox 367 1685 505 1746; x_wconf 89' lang='lat' dir='ltr'>veniens</span> <span class='ocrx_word' id='word_1_76' title='bbox 527 1684 584 1745; x_wconf 91' lang='lat' dir='ltr'>tibi</span> <span class='ocrx_word' id='word_1_77' title='bbox 608 1684 650 1744; x_wconf 90' lang='lat' dir='ltr'>sit</span> <span class='ocrx_word' id='word_1_78' title='bbox 671 1686 809 1762; x_wconf 91' lang='lat' dir='ltr'>horrori,</span> <span class='ocrx_word' id='word_1_79' title='bbox 835 1687 894 1746; x_wconf 88' lang='lat' dir='ltr'>sed</span> <span class='ocrx_word' id='word_1_80' title='bbox 915 1686 1010 1746; x_wconf 89' lang='lat' dir='ltr'>ianua</span> 
     </span>
     <span class='ocr_line' id='line_1_14' title="bbox 257 1782 1010 1860; baseline 0 -16"><span class='ocrx_word' id='word_1_81' title='bbox 257 1784 351 1844; x_wconf 90' lang='lat' dir='ltr'>vitae.</span> <span class='ocrx_word' id='word_1_82' title='bbox 394 1782 549 1844; x_wconf 88' lang='lat' dir='ltr'>Christus</span> <span class='ocrx_word' id='word_1_83' title='bbox 571 1792 719 1843; x_wconf 86' lang='lat' dir='ltr'>mortuus</span> <span class='ocrx_word' id='word_1_84' title='bbox 741 1794 791 1843; x_wconf 90' lang='lat' dir='ltr'>est</span> <span class='ocrx_word' id='word_1_85' title='bbox 813 1792 844 1844; x_wconf 90' lang='lat' dir='ltr'>et</span> <span class='ocrx_word' id='word_1_86' title='bbox 873 1785 1010 1860; x_wconf 85' lang='lat' dir='ltr'>prophe·</span> 
     </span>
    </p>
   </div>
   <div class='ocr_carea' id='block_1_4' title="bbox 256 1880 1073 1957">
    <p class='ocr_par' dir='ltr' id='par_1_4' title="bbox 256 1880 1073 1957">
     <span class='ocr_line' id='line_1_15' title="bbox 256 1880 1073 1957; baseline -0.002 -16"><span class='ocrx_word' id='word_1_87' title='bbox 256 1892 325 1957; x_wconf 85' lang='lat' dir='ltr'>tae,</span> <span class='ocrx_word' id='word_1_88' title='bbox 356 1893 387 1942; x_wconf 89' lang='lat' dir='ltr'>et</span> <span class='ocrx_word' id='word_1_89' title='bbox 417 1892 451 1942; x_wconf 90' lang='lat' dir='ltr'>tu</span> <span class='ocrx_word' id='word_1_90' title='bbox 483 1880 568 1940; x_wconf 89' lang='lat' dir='ltr'>viam</span> <span class='ocrx_word' id='word_1_91' title='bbox 598 1889 725 1956; x_wconf 90' lang='lat' dir='ltr'>patrum</span> <span class='ocrx_word' id='word_1_92' title='bbox 755 1897 830 1940; x_wconf 83' lang='lat' dir='ltr'>mox</span> <span class='ocrx_word' id='word_1_93' title='bbox 851 1880 1009 1957; x_wconf 91' lang='lat' dir='ltr'>sequeris.</span> <span class='ocrx_word' id='word_1_94' title='bbox 1072 1883 1073 1892; x_wconf 75' lang='grc'>’</span> 
     </span>
    </p>
   </div>
   <div class='ocr_carea' id='block_1_5' title="bbox 223 1979 1010 2056">
    <p class='ocr_par' dir='ltr' id='par_1_5' title="bbox 223 1979 1010 2056">
     <span class='ocr_line' id='line_1_16' title="bbox 223 1979 1010 2056; baseline 0 -17"><span class='ocrx_word' id='word_1_95' title='bbox 223 2006 247 2047; x_wconf 76' lang='lat'>15</span> <span class='ocrx_word' id='word_1_96' title='bbox 258 1980 377 2056; x_wconf 86' lang='lat' dir='ltr'>Magna</span> <span class='ocrx_word' id='word_1_97' title='bbox 397 1989 506 2040; x_wconf 86' lang='lat' dir='ltr'>tamen</span> <span class='ocrx_word' id='word_1_98' title='bbox 528 1996 615 2056; x_wconf 88' lang='lat' dir='ltr'>spes,</span> <span class='ocrx_word' id='word_1_99' title='bbox 637 1996 753 2056; x_wconf 86' lang='lat' dir='ltr'>magna</span> <span class='ocrx_word' id='word_1_100' title='bbox 773 1979 867 2039; x_wconf 89' lang='lat' dir='ltr'>valde</span> <span class='ocrx_word' id='word_1_101' title='bbox 896 1997 1010 2039; x_wconf 89' lang='lat' dir='ltr'>conso·</span> 
     </span>
    </p>
   </div>
   <div class='ocr_carea' id='block_1_6' title="bbox 257 2075 1072 2152">
    <p class='ocr_par' dir='ltr' id='par_1_6' title="bbox 257 2075 1072 2152">
     <span class='ocr_line' id='line_1_17' title="bbox 257 2075 1072 2152; baseline -0.004 -15"><span class='ocrx_word' id='word_1_102' title='bbox 257 2077 332 2137; x_wconf 85' lang='lat' dir='ltr'>latio</span> <span class='ocrx_word' id='word_1_103' title='bbox 354 2077 387 2136; x_wconf 93' lang='lat' dir='ltr'>in</span> <span class='ocrx_word' id='word_1_104' title='bbox 409 2078 510 2137; x_wconf 92' lang='lat' dir='ltr'>verbo</span> <span class='ocrx_word' id='word_1_105' title='bbox 534 2077 608 2136; x_wconf 88' lang='lat' dir='ltr'>lesu</span> <span class='ocrx_word' id='word_1_106' title='bbox 631 2075 786 2137; x_wconf 85' lang='lat' dir='ltr'>dicentis:</span> <span class='ocrx_word' id='word_1_107' title='bbox 819 2075 885 2152; x_wconf 92' lang='lat' dir='ltr'>Qui</span> <span class='ocrx_word' id='word_1_108' title='bbox 909 2076 1011 2136; x_wconf 85' lang='lat' dir='ltr'>credit</span> <span class='ocrx_word' id='word_1_109' title='bbox 1071 2117 1072 2144; x_wconf 75' lang='lat'><em>÷</em></span> 
     </span>
    </p>
   </div>
   <div class='ocr_carea' id='block_1_7' title="bbox 218 2174 1012 2837">
    <p class='ocr_par' dir='ltr' id='par_1_7' title="bbox 218 2174 1012 2837">
     <span class='ocr_line' id='line_1_18' title="bbox 256 2174 1010 2249; baseline 0 -15"><span class='ocrx_word' id='word_1_110' title='bbox 256 2175 289 2234; x_wconf 92' lang='lat' dir='ltr'>in</span> <span class='ocrx_word' id='word_1_111' title='bbox 311 2191 381 2249; x_wconf 91' lang='lat' dir='ltr'>me,</span> <span class='ocrx_word' id='word_1_112' title='bbox 412 2175 508 2235; x_wconf 89' lang='lat' dir='ltr'>etiam</span> <span class='ocrx_word' id='word_1_113' title='bbox 538 2175 565 2234; x_wconf 94' lang='lat' dir='ltr'>si</span> <span class='ocrx_word' id='word_1_114' title='bbox 589 2183 737 2235; x_wconf 87' lang='lat' dir='ltr'>mortuus</span> <span class='ocrx_word' id='word_1_115' title='bbox 769 2174 883 2249; x_wconf 83' lang='lat' dir='ltr'>fuerit,</span> <span class='ocrx_word' id='word_1_116' title='bbox 914 2176 1010 2236; x_wconf 88' lang='lat' dir='ltr'>vivet.</span> 
     </span>
     <span class='ocr_line' id='line_1_19' title="bbox 257 2272 1011 2350; baseline 0.001 -18"><span class='ocrx_word' id='word_1_117' title='bbox 257 2272 295 2332; x_wconf 89' lang='lat' dir='ltr'>Et</span> <span class='ocrx_word' id='word_1_118' title='bbox 316 2272 450 2333; x_wconf 90' lang='lat' dir='ltr'>iterum:</span> <span class='ocrx_word' id='word_1_119' title='bbox 481 2273 546 2350; x_wconf 92' lang='lat' dir='ltr'>Qui</span> <span class='ocrx_word' id='word_1_120' title='bbox 569 2273 705 2332; x_wconf 91' lang='lat' dir='ltr'>verbum</span> <span class='ocrx_word' id='word_1_121' title='bbox 737 2289 846 2332; x_wconf 89' lang='lat' dir='ltr'>meum</span> <span class='ocrx_word' id='word_1_122' title='bbox 869 2273 960 2334; x_wconf 86' lang='lat' dir='ltr'>audit</span> <span class='ocrx_word' id='word_1_123' title='bbox 980 2284 1011 2333; x_wconf 89' lang='lat' dir='ltr'>et</span> 
     </span>
     <span class='ocr_line' id='line_1_20' title="bbox 256 2370 1010 2447; baseline 0.001 -17"><span class='ocrx_word' id='word_1_124' title='bbox 256 2370 358 2432; x_wconf 92' lang='lat' dir='ltr'>credit</span> <span class='ocrx_word' id='word_1_125' title='bbox 388 2371 438 2446; x_wconf 88' lang='lat' dir='ltr'>ei,</span> <span class='ocrx_word' id='word_1_126' title='bbox 473 2371 528 2447; x_wconf 92' lang='lat' dir='ltr'>qui</span> <span class='ocrx_word' id='word_1_127' title='bbox 561 2370 650 2430; x_wconf 90' lang='lat' dir='ltr'>misit</span> <span class='ocrx_word' id='word_1_128' title='bbox 680 2386 750 2445; x_wconf 88' lang='lat' dir='ltr'>me,</span> <span class='ocrx_word' id='word_1_129' title='bbox 785 2371 882 2431; x_wconf 88' lang='lat' dir='ltr'>habet</span> <span class='ocrx_word' id='word_1_130' title='bbox 912 2371 1010 2431; x_wconf 90' lang='lat' dir='ltr'>vitam</span> 
     </span>
     <span class='ocr_line' id='line_1_21' title="bbox 218 2467 1012 2545; baseline 0.003 -17"><span class='ocrx_word' id='word_1_131' title='bbox 218 2478 429 2529; x_wconf 75' lang='lat' dir='ltr'>coaeternam.</span> <span class='ocrx_word' id='word_1_132' title='bbox 473 2469 533 2529; x_wconf 88' lang='lat' dir='ltr'>Fac</span> <span class='ocrx_word' id='word_1_133' title='bbox 556 2486 632 2545; x_wconf 87' lang='lat' dir='ltr'>ergo</span> <span class='ocrx_word' id='word_1_134' title='bbox 657 2468 764 2528; x_wconf 84' lang='lat' dir='ltr'>lesum</span> <span class='ocrx_word' id='word_1_135' title='bbox 787 2467 843 2527; x_wconf 88' lang='lat' dir='ltr'>tibi</span> <span class='ocrx_word' id='word_1_136' title='bbox 860 2468 1012 2544; x_wconf 88' lang='lat' dir='ltr'>amicum,</span> 
     </span>
     <span class='ocr_line' id='line_1_22' title="bbox 255 2566 1012 2642; baseline 0.003 -17"><span class='ocrx_word' id='word_1_137' title='bbox 255 2566 332 2626; x_wconf 94' lang='lat' dir='ltr'>dum</span> <span class='ocrx_word' id='word_1_138' title='bbox 362 2566 464 2642; x_wconf 78' lang='lat' dir='ltr'>viviS,</span> <span class='ocrx_word' id='word_1_139' title='bbox 500 2576 535 2626; x_wconf 89' lang='lat' dir='ltr'>ut</span> <span class='ocrx_word' id='word_1_140' title='bbox 566 2566 687 2625; x_wconf 87' lang='lat' dir='ltr'>habeas</span> <span class='ocrx_word' id='word_1_141' title='bbox 719 2582 794 2625; x_wconf 91' lang='lat' dir='ltr'>eum</span> <span class='ocrx_word' id='word_1_142' title='bbox 825 2566 1012 2642; x_wconf 86' lang='lat' dir='ltr'>propitium,</span> 
     </span>
     <span class='ocr_line' id='line_1_23' title="bbox 255 2663 1011 2740; baseline 0.003 -18"><span class='ocrx_word' id='word_1_143' title='bbox 255 2680 329 2722; x_wconf 93' lang='lat' dir='ltr'>cum</span> <span class='ocrx_word' id='word_1_144' title='bbox 361 2663 492 2723; x_wconf 88' lang='lat' dir='ltr'>obieris.</span> <span class='ocrx_word' id='word_1_145' title='bbox 536 2663 651 2723; x_wconf 88' lang='lat' dir='ltr'>Proice</span> <span class='ocrx_word' id='word_1_146' title='bbox 682 2663 740 2723; x_wconf 89' lang='lat' dir='ltr'>abs</span> <span class='ocrx_word' id='word_1_147' title='bbox 770 2672 818 2738; x_wconf 85' lang='lat' dir='ltr'>te,</span> <span class='ocrx_word' id='word_1_148' title='bbox 852 2663 1011 2740; x_wconf 91' lang='lat' dir='ltr'>quidquid</span> 
     </span>
     <span class='ocr_line' id='line_1_24' title="bbox 255 2759 1012 2837; baseline 0.004 -18"><span class='ocrx_word' id='word_1_149' title='bbox 255 2761 294 2820; x_wconf 90' lang='lat' dir='ltr'>ab</span> <span class='ocrx_word' id='word_1_150' title='bbox 316 2778 426 2822; x_wconf 88' lang='lat' dir='ltr'>amore</span> <span class='ocrx_word' id='word_1_151' title='bbox 450 2761 523 2820; x_wconf 87' lang='lat' dir='ltr'>lesu</span> <span class='ocrx_word' id='word_1_152' title='bbox 546 2760 691 2836; x_wconf 90' lang='lat' dir='ltr'>impedit,</span> <span class='ocrx_word' id='word_1_153' title='bbox 722 2759 879 2837; x_wconf 88' lang='lat' dir='ltr'>quidquid</span> <span class='ocrx_word' id='word_1_154' title='bbox 901 2779 921 2820; x_wconf 93' lang='lat' dir='ltr'>a</span> <span class='ocrx_word' id='word_1_155' title='bbox 943 2778 1012 2822; x_wconf 85' lang='lat' dir='ltr'>cae·</span> 
     </span>
    </p>
   </div>
   <div class='ocr_carea' id='block_1_8' title="bbox 255 2855 1069 2935">
    <p class='ocr_par' dir='ltr' id='par_1_8' title="bbox 255 2855 1069 2935">
     <span class='ocr_line' id='line_1_25' title="bbox 255 2855 1069 2935; baseline -0.001 -17"><span class='ocrx_word' id='word_1_156' title='bbox 255 2858 328 2918; x_wconf 87' lang='lat' dir='ltr'>lesti</span> <span class='ocrx_word' id='word_1_157' title='bbox 345 2876 443 2935; x_wconf 84' lang='lat' dir='ltr'>regno</span> <span class='ocrx_word' id='word_1_158' title='bbox 459 2869 490 2918; x_wconf 85' lang='lat' dir='ltr'>te</span> <span class='ocrx_word' id='word_1_159' title='bbox 507 2859 658 2919; x_wconf 86' lang='lat' dir='ltr'>retardat.</span> <span class='ocrx_word' id='word_1_160' title='bbox 688 2858 779 2920; x_wconf 90' lang='lat' dir='ltr'>Cave</span> <span class='ocrx_word' id='word_1_161' title='bbox 794 2874 903 2934; x_wconf 87' lang='lat' dir='ltr'>omne,</span> <span class='ocrx_word' id='word_1_162' title='bbox 926 2860 1011 2935; x_wconf 91' lang='lat' dir='ltr'>quod</span> <span class='ocrx_word' id='word_1_163' title='bbox 1068 2855 1069 2890; x_wconf 71' lang='lat'>³</span> 
     </span>
    </p>
   </div>
   <div class='ocr_carea' id='block_1_9' title="bbox 217 2955 1012 3508">
    <p class='ocr_par' dir='ltr' id='par_1_9' title="bbox 217 2955 1012 3508">
     <span class='ocr_line' id='line_1_26' title="bbox 218 2955 1012 3032; baseline -0.004 -12"><span class='ocrx_word' id='word_1_164' title='bbox 218 2965 361 3031; x_wconf 75' lang='lat' dir='ltr'>aspotest</span> <span class='ocrx_word' id='word_1_165' title='bbox 382 2956 605 3016; x_wconf 90' lang='lat' dir='ltr'>conscientiae</span> <span class='ocrx_word' id='word_1_166' title='bbox 627 2956 799 3032; x_wconf 89' lang='lat' dir='ltr'>inquinare</span> <span class='ocrx_word' id='word_1_167' title='bbox 820 2955 1012 3032; x_wconf 83' lang='lat' dir='ltr'>puritatem3</span> 
     </span>
     <span class='ocr_line' id='line_1_27' title="bbox 254 3053 1011 3131; baseline 0 -19"><span class='ocrx_word' id='word_1_168' title='bbox 254 3053 414 3130; x_wconf 85' lang='lat' dir='ltr'>relinque,</span> <span class='ocrx_word' id='word_1_169' title='bbox 435 3055 594 3131; x_wconf 91' lang='lat' dir='ltr'>quidquid</span> <span class='ocrx_word' id='word_1_170' title='bbox 617 3053 736 3114; x_wconf 90' lang='lat' dir='ltr'>mentis</span> <span class='ocrx_word' id='word_1_171' title='bbox 761 3059 868 3128; x_wconf 88' lang='lat' dir='ltr'>potest</span> <span class='ocrx_word' id='word_1_172' title='bbox 896 3053 1011 3112; x_wconf 89' lang='lat' dir='ltr'>tollere</span> 
     </span>
     <span class='ocr_line' id='line_1_28' title="bbox 254 3150 1012 3228; baseline 0.001 -18"><span class='ocrx_word' id='word_1_173' title='bbox 254 3167 377 3228; x_wconf 83' lang='lat' dir='ltr'>pacem.</span> <span class='ocrx_word' id='word_1_174' title='bbox 406 3150 494 3212; x_wconf 84' lang='lat' dir='ltr'>Tene</span> <span class='ocrx_word' id='word_1_175' title='bbox 517 3162 548 3211; x_wconf 88' lang='lat' dir='ltr'>te</span> <span class='ocrx_word' id='word_1_176' title='bbox 570 3151 766 3211; x_wconf 85' lang='lat' dir='ltr'>abstractum</span> <span class='ocrx_word' id='word_1_177' title='bbox 786 3150 919 3225; x_wconf 91' lang='lat' dir='ltr'>mundo,</span> <span class='ocrx_word' id='word_1_178' title='bbox 942 3152 1012 3211; x_wconf 90' lang='lat' dir='ltr'>uni-</span> 
     </span>
     <span class='ocr_line' id='line_1_29' title="bbox 255 3247 1012 3325; baseline 0 -17"><span class='ocrx_word' id='word_1_179' title='bbox 255 3258 322 3308; x_wconf 91' lang='lat' dir='ltr'>tum</span> <span class='ocrx_word' id='word_1_180' title='bbox 346 3250 434 3325; x_wconf 91' lang='lat' dir='ltr'>Deo,</span> <span class='ocrx_word' id='word_1_181' title='bbox 463 3248 656 3309; x_wconf 79' lang='lat' dir='ltr'>familiarem</span> <span class='ocrx_word' id='word_1_182' title='bbox 682 3248 828 3310; x_wconf 89' lang='lat' dir='ltr'>Christo.</span> <span class='ocrx_word' id='word_1_183' title='bbox 870 3247 1012 3308; x_wconf 82' lang='lat' dir='ltr'>Ambula</span> 
     </span>
     <span class='ocr_line' id='line_1_30' title="bbox 255 3345 1010 3423; baseline -0.003 -17"><span class='ocrx_word' id='word_1_184' title='bbox 255 3363 329 3406; x_wconf 94' lang='lat' dir='ltr'>cum</span> <span class='ocrx_word' id='word_1_185' title='bbox 352 3346 426 3407; x_wconf 85' lang='lat' dir='ltr'>lesu</span> <span class='ocrx_word' id='word_1_186' title='bbox 448 3347 481 3407; x_wconf 94' lang='lat' dir='ltr'>in</span> <span class='ocrx_word' id='word_1_187' title='bbox 503 3347 650 3406; x_wconf 87' lang='lat' dir='ltr'>libertate</span> <span class='ocrx_word' id='word_1_188' title='bbox 669 3346 813 3423; x_wconf 88' lang='lat' dir='ltr'>spiritus,</span> <span class='ocrx_word' id='word_1_189' title='bbox 835 3345 880 3405; x_wconf 93' lang='lat' dir='ltr'>nil</span> <span class='ocrx_word' id='word_1_190' title='bbox 897 3345 939 3406; x_wconf 92' lang='lat' dir='ltr'>sit</span> <span class='ocrx_word' id='word_1_191' title='bbox 954 3345 1010 3405; x_wconf 86' lang='lat' dir='ltr'>tibi</span> 
     </span>
     <span class='ocr_line' id='line_1_31' title="bbox 217 3442 1011 3508; baseline -0.005 -2"><span class='ocrx_word' id='word_1_192' title='bbox 217 3461 352 3508; x_wconf 75' lang='lat' dir='ltr'>aocurae</span> <span class='ocrx_word' id='word_1_193' title='bbox 381 3445 421 3504; x_wconf 90' lang='lat' dir='ltr'>de</span> <span class='ocrx_word' id='word_1_194' title='bbox 450 3445 548 3504; x_wconf 90' lang='lat' dir='ltr'>rebus</span> <span class='ocrx_word' id='word_1_195' title='bbox 577 3443 730 3504; x_wconf 82' lang='lat' dir='ltr'>externis.</span> <span class='ocrx_word' id='word_1_196' title='bbox 774 3444 855 3503; x_wconf 89' lang='lat' dir='ltr'>Para</span> <span class='ocrx_word' id='word_1_197' title='bbox 885 3442 932 3502; x_wconf 94' lang='lat' dir='ltr'>illi</span> <span class='ocrx_word' id='word_1_198' title='bbox 955 3444 1011 3503; x_wconf 90' lang='lat' dir='ltr'>do·</span> 
     </span>
    </p>
   </div>
   <div class='ocr_carea' id='block_1_10' title="bbox 255 3541 1010 3686">
    <p class='ocr_par' dir='ltr' id='par_1_10' title="bbox 255 3541 1010 3686">
     <span class='ocr_line' id='line_1_32' title="bbox 255 3541 1010 3616; baseline -0.001 -15"><span class='ocrx_word' id='word_1_199' title='bbox 255 3557 343 3601; x_wconf 92' lang='lat' dir='ltr'>mum</span> <span class='ocrx_word' id='word_1_200' title='bbox 380 3541 518 3616; x_wconf 83' lang='lat' dir='ltr'>mentis,</span> <span class='ocrx_word' id='word_1_201' title='bbox 560 3541 677 3601; x_wconf 87' lang='lat' dir='ltr'>exhibe</span> <span class='ocrx_word' id='word_1_202' title='bbox 719 3541 780 3601; x_wconf 91' lang='lat' dir='ltr'>sibi</span> <span class='ocrx_word' id='word_1_203' title='bbox 817 3541 1010 3602; x_wconf 90' lang='lat' dir='ltr'>cenaculum</span> 
     </span>
     <span class='ocr_line' id='line_1_33' title="bbox 616 3645 653 3686; baseline 0 0"><span class='ocrx_word' id='word_1_204' title='bbox 616 3645 653 3686; x_wconf 82' lang='lat' dir='ltr'>rao</span> 
     </span>
    </p>
   </div>
   <div class='ocr_carea' id='block_1_11' title="bbox 0 0 1109 4180">
    <p class='ocr_par' dir='ltr' id='par_1_11' title="bbox 0 0 1109 4180">
     <span class='ocr_line' id='line_1_34' title="bbox 0 0 1109 4180; baseline 0 0"><span class='ocrx_word' id='word_1_205' title='bbox 0 0 1109 4180; x_wconf 95' lang='lat' dir='ltr'> </span> 
     </span>
    </p>
   </div>
  </div>
 </body>
</html>
