<?xml version="1.0" encoding="UTF-8"?>
<!DOCTYPE html PUBLIC "-//W3C//DTD XHTML 1.0 Transitional//EN"
    "http://www.w3.org/TR/xhtml1/DTD/xhtml1-transitional.dtd">
<html xmlns="http://www.w3.org/1999/xhtml" xml:lang="en" lang="en">
 <head>
  <title>
</title>
<meta http-equiv="Content-Type" content="text/html;charset=utf-8" />
  <meta name='ocr-system' content='tesseract 3.04.00' />
  <meta name='ocr-capabilities' content='ocr_page ocr_carea ocr_par ocr_line ocrx_word'/>
</head>
<body>
  <div class='ocr_page' id='page_1' title='image "./thomaehemerkena02pohlgoog_0140.png"; bbox 0 0 2152 4174; ppageno 0'>
   <div class='ocr_carea' id='block_1_1' title="bbox 100 421 842 530">
    <p class='ocr_par' dir='ltr' id='par_1_1' title="bbox 100 421 842 530">
     <span class='ocr_line' id='line_1_1' title="bbox 100 421 842 530; baseline -0.003 -2"><span class='ocrx_word' id='word_1_1' title='bbox 100 421 842 530; x_wconf 44' lang='lat' dir='ltr'>Qbfflfflffi</span> 
     </span>
    </p>
   </div>
   <div class='ocr_carea' id='block_1_2' title="bbox 249 676 691 754">
    <p class='ocr_par' dir='ltr' id='par_1_2' title="bbox 249 676 691 754">
     <span class='ocr_line' id='line_1_2' title="bbox 249 676 691 754; baseline -0.005 -16"><span class='ocrx_word' id='word_1_2' title='bbox 249 676 521 752; x_wconf 78' lang='lat' dir='ltr'>[CAPITVLVM</span> <span class='ocrx_word' id='word_1_3' title='bbox 545 677 691 754; x_wconf 85' lang='lat' dir='ltr'>XVIIll.]</span> 
     </span>
    </p>
   </div>
   <div class='ocr_carea' id='block_1_3' title="bbox 94 827 848 1002">
    <p class='ocr_par' dir='ltr' id='par_1_3' title="bbox 94 827 848 1002">
     <span class='ocr_line' id='line_1_3' title="bbox 94 827 848 903; baseline 0 -17"><span class='ocrx_word' id='word_1_4' title='bbox 94 828 136 887; x_wconf 87' lang='lat' dir='ltr'>De</span> <span class='ocrx_word' id='word_1_5' title='bbox 156 828 342 888; x_wconf 84' lang='lat' dir='ltr'>vulneribus</span> <span class='ocrx_word' id='word_1_6' title='bbox 363 827 434 888; x_wconf 86' lang='lat' dir='ltr'>iesu</span> <span class='ocrx_word' id='word_1_7' title='bbox 462 831 495 887; x_wconf 86' lang='lat' dir='ltr'>et</span> <span class='ocrx_word' id='word_1_8' title='bbox 520 827 654 903; x_wconf 81' lang='lat' dir='ltr'><em>pretiosi</em></span> <span class='ocrx_word' id='word_1_9' title='bbox 680 827 848 902; x_wconf 83' lang='lat' dir='ltr'>sanguinis</span> 
     </span>
     <span class='ocr_line' id='line_1_4' title="bbox 340 925 597 1002; baseline -0.004 -18"><span class='ocrx_word' id='word_1_10' title='bbox 340 925 409 985; x_wconf 87' lang='lat' dir='ltr'>eius</span> <span class='ocrx_word' id='word_1_11' title='bbox 430 925 597 1002; x_wconf 84' lang='lat' dir='ltr'>effusione.</span> 
     </span>
    </p>
   </div>
   <div class='ocr_carea' id='block_1_4' title="bbox 93 1036 848 1257">
    <p class='ocr_par' dir='ltr' id='par_1_4' title="bbox 93 1036 848 1257">
     <span class='ocr_line' id='line_1_5' title="bbox 93 1036 848 1257; baseline -0.001 -102"><span class='ocrx_word' id='word_1_12' title='bbox 93 1036 339 1257; x_wconf 43' lang='lat' dir='ltr'>&amp;medico</span> <span class='ocrx_word' id='word_1_13' title='bbox 360 1103 392 1154; x_wconf 88' lang='lat' dir='ltr'>et</span> <span class='ocrx_word' id='word_1_14' title='bbox 406 1093 526 1171; x_wconf 82' lang='lat' dir='ltr'><strong>gratias</strong></span> <span class='ocrx_word' id='word_1_15' title='bbox 540 1111 600 1170; x_wconf 84' lang='lat' dir='ltr'>ago</span> <span class='ocrx_word' id='word_1_16' title='bbox 615 1093 684 1169; x_wconf 91' lang='lat' dir='ltr'>tibi,</span> <span class='ocrx_word' id='word_1_17' title='bbox 707 1093 848 1154; x_wconf 83' lang='lat' dir='ltr'>Domine</span> 
     </span>
    </p>
   </div>
   <div class='ocr_carea' id='block_1_5' title="bbox 93 1191 886 1951">
    <p class='ocr_par' dir='ltr' id='par_1_5' title="bbox 93 1191 886 1951">
     <span class='ocr_line' id='line_1_6' title="bbox 223 1191 872 1267; baseline 0 -14"><span class='ocrx_word' id='word_1_18' title='bbox 223 1193 297 1253; x_wconf 90' lang='lat' dir='ltr'>Iesu</span> <span class='ocrx_word' id='word_1_19' title='bbox 307 1192 452 1267; x_wconf 88' lang='lat' dir='ltr'>Christe,</span> <span class='ocrx_word' id='word_1_20' title='bbox 462 1201 575 1252; x_wconf 87' lang='lat' dir='ltr'>auctor</span> <span class='ocrx_word' id='word_1_21' title='bbox 584 1191 700 1253; x_wconf 88' lang='lat' dir='ltr'>salutis</span> <span class='ocrx_word' id='word_1_22' title='bbox 708 1201 872 1267; x_wconf 84' lang='lat' dir='ltr'>nostrae,⁵</span> 
     </span>
     <span class='ocr_line' id='line_1_7' title="bbox 93 1288 850 1367; baseline 0.003 -19"><span class='ocrx_word' id='word_1_23' title='bbox 93 1288 328 1365; x_wconf 85' lang='lat' dir='ltr'>benignissime</span> <span class='ocrx_word' id='word_1_24' title='bbox 350 1289 482 1367; x_wconf 85' lang='lat' dir='ltr'>largitor</span> <span class='ocrx_word' id='word_1_25' title='bbox 507 1289 625 1350; x_wconf 89' lang='lat' dir='ltr'>veniae</span> <span class='ocrx_word' id='word_1_26' title='bbox 652 1290 850 1366; x_wconf 87' lang='lat' dir='ltr'>patientissi-</span> 
     </span>
     <span class='ocr_line' id='line_1_8' title="bbox 94 1387 849 1465; baseline -0.001 -17"><span class='ocrx_word' id='word_1_27' title='bbox 94 1404 212 1465; x_wconf 88' lang='lat' dir='ltr'>meque</span> <span class='ocrx_word' id='word_1_28' title='bbox 233 1387 388 1447; x_wconf 88' lang='lat' dir='ltr'>tolerator</span> <span class='ocrx_word' id='word_1_29' title='bbox 409 1388 577 1464; x_wconf 88' lang='lat' dir='ltr'>pravitatis</span> <span class='ocrx_word' id='word_1_30' title='bbox 597 1389 769 1462; x_wconf 79' lang='lat' dir='ltr'>humanae,</span> <span class='ocrx_word' id='word_1_31' title='bbox 791 1404 849 1462; x_wconf 92' lang='lat' dir='ltr'>pro</span> 
     </span>
     <span class='ocr_line' id='line_1_9' title="bbox 94 1484 850 1563; baseline -0.003 -18"><span class='ocrx_word' id='word_1_32' title='bbox 94 1484 247 1545; x_wconf 92' lang='lat' dir='ltr'>omnibus</span> <span class='ocrx_word' id='word_1_33' title='bbox 269 1485 436 1545; x_wconf 89' lang='lat' dir='ltr'>doloribus</span> <span class='ocrx_word' id='word_1_34' title='bbox 465 1495 496 1546; x_wconf 88' lang='lat' dir='ltr'>et</span> <span class='ocrx_word' id='word_1_35' title='bbox 521 1485 660 1563; x_wconf 86' lang='lat' dir='ltr'>singulis</span> <span class='ocrx_word' id='word_1_36' title='bbox 681 1484 784 1561; x_wconf 86' lang='lat' dir='ltr'>plagis</span> <span class='ocrx_word' id='word_1_37' title='bbox 806 1493 850 1544; x_wconf 86' lang='lat' dir='ltr'>at·</span> 
     </span>
     <span class='ocr_line' id='line_1_10' title="bbox 94 1581 850 1659; baseline 0 -18"><span class='ocrx_word' id='word_1_38' title='bbox 94 1599 156 1659; x_wconf 91' lang='lat' dir='ltr'>que</span> <span class='ocrx_word' id='word_1_39' title='bbox 185 1581 332 1642; x_wconf 87' lang='lat' dir='ltr'>cruentis</span> <span class='ocrx_word' id='word_1_40' title='bbox 360 1582 552 1656; x_wconf 86' lang='lat' dir='ltr'>vulneribus</span> <span class='ocrx_word' id='word_1_41' title='bbox 579 1581 785 1644; x_wconf 92' lang='lat' dir='ltr'>nobilissimo</span> <span class='ocrx_word' id='word_1_42' title='bbox 813 1598 850 1641; x_wconf 88' lang='lat' dir='ltr'>ac</span> 
     </span>
     <span class='ocr_line' id='line_1_11' title="bbox 95 1678 886 1755; baseline -0.006 -16"><span class='ocrx_word' id='word_1_43' title='bbox 95 1679 272 1740; x_wconf 86' lang='lat' dir='ltr'>tenerrimo</span> <span class='ocrx_word' id='word_1_44' title='bbox 287 1680 415 1755; x_wconf 86' lang='lat' dir='ltr'>corpori</span> <span class='ocrx_word' id='word_1_45' title='bbox 430 1689 487 1740; x_wconf 91' lang='lat' dir='ltr'>tuo</span> <span class='ocrx_word' id='word_1_46' title='bbox 502 1680 692 1741; x_wconf 89' lang='lat' dir='ltr'>acutissime</span> <span class='ocrx_word' id='word_1_47' title='bbox 707 1678 850 1753; x_wconf 85' lang='lat' dir='ltr'>inflictis,</span> <span class='ocrx_word' id='word_1_48' title='bbox 862 1693 886 1734; x_wconf 79' lang='lat' dir='ltr'>to</span> 
     </span>
     <span class='ocr_line' id='line_1_12' title="bbox 94 1776 848 1857; baseline -0.003 -19"><span class='ocrx_word' id='word_1_49' title='bbox 94 1778 136 1839; x_wconf 93' lang='lat' dir='ltr'>ita</span> <span class='ocrx_word' id='word_1_50' title='bbox 157 1787 193 1838; x_wconf 93' lang='lat' dir='ltr'>ut</span> <span class='ocrx_word' id='word_1_51' title='bbox 214 1796 233 1838; x_wconf 87' lang='lat' dir='ltr'>a</span> <span class='ocrx_word' id='word_1_52' title='bbox 254 1778 363 1854; x_wconf 91' lang='lat' dir='ltr'>planta</span> <span class='ocrx_word' id='word_1_53' title='bbox 384 1779 477 1855; x_wconf 88' lang='lat' dir='ltr'>pedis</span> <span class='ocrx_word' id='word_1_54' title='bbox 499 1797 605 1857; x_wconf 88' lang='lat' dir='ltr'>usque</span> <span class='ocrx_word' id='word_1_55' title='bbox 631 1778 670 1838; x_wconf 89' lang='lat' dir='ltr'>ad</span> <span class='ocrx_word' id='word_1_56' title='bbox 692 1776 848 1838; x_wconf 87' lang='lat' dir='ltr'>verticem</span> 
     </span>
     <span class='ocr_line' id='line_1_13' title="bbox 94 1873 850 1951; baseline -0.003 -15"><span class='ocrx_word' id='word_1_57' title='bbox 94 1877 204 1937; x_wconf 90' lang='lat' dir='ltr'>nullus</span> <span class='ocrx_word' id='word_1_58' title='bbox 234 1884 323 1937; x_wconf 87' lang='lat' dir='ltr'>esset</span> <span class='ocrx_word' id='word_1_59' title='bbox 351 1875 385 1936; x_wconf 93' lang='lat' dir='ltr'>in</span> <span class='ocrx_word' id='word_1_60' title='bbox 414 1884 446 1936; x_wconf 90' lang='lat' dir='ltr'>te</span> <span class='ocrx_word' id='word_1_61' title='bbox 474 1875 567 1936; x_wconf 92' lang='lat' dir='ltr'>locus</span> <span class='ocrx_word' id='word_1_62' title='bbox 590 1873 674 1936; x_wconf 88' lang='lat' dir='ltr'>liber</span> <span class='ocrx_word' id='word_1_63' title='bbox 695 1893 713 1935; x_wconf 88' lang='lat' dir='ltr'>a</span> <span class='ocrx_word' id='word_1_64' title='bbox 734 1873 850 1951; x_wconf 91' lang='lat' dir='ltr'>poenis</span> 
     </span>
    </p>
   </div>
   <div class='ocr_carea' id='block_1_6' title="bbox 11 1973 850 2050">
    <p class='ocr_par' dir='ltr' id='par_1_6' title="bbox 11 1973 850 2050">
     <span class='ocr_line' id='line_1_14' title="bbox 11 1973 850 2050; baseline -0.002 -16"><span class='ocrx_word' id='word_1_65' title='bbox 11 2046 12 2050; x_wconf 7' lang='grc' dir='ltr'><strong>Ἰ</strong></span> <span class='ocrx_word' id='word_1_66' title='bbox 95 1984 126 2035; x_wconf 87' lang='lat' dir='ltr'>et</span> <span class='ocrx_word' id='word_1_67' title='bbox 144 1973 365 2050; x_wconf 79' lang='lat' dir='ltr'>percussuriS,</span> <span class='ocrx_word' id='word_1_68' title='bbox 387 1974 446 2034; x_wconf 88' lang='lat' dir='ltr'>sed</span> <span class='ocrx_word' id='word_1_69' title='bbox 461 1981 529 2034; x_wconf 92' lang='lat' dir='ltr'>erat</span> <span class='ocrx_word' id='word_1_70' title='bbox 544 1982 598 2033; x_wconf 89' lang='lat' dir='ltr'>aut</span> <span class='ocrx_word' id='word_1_71' title='bbox 613 1974 706 2050; x_wconf 82' lang='lat' dir='ltr'>plaga</span> <span class='ocrx_word' id='word_1_72' title='bbox 719 1981 850 2033; x_wconf 90' lang='lat' dir='ltr'>tumens</span> 
     </span>
    </p>
   </div>
   <div class='ocr_carea' id='block_1_7' title="bbox 95 2070 890 3514">
    <p class='ocr_par' dir='ltr' id='par_1_7' title="bbox 95 2070 890 3514">
     <span class='ocr_line' id='line_1_15' title="bbox 95 2070 851 2148; baseline -0.003 -16"><span class='ocrx_word' id='word_1_73' title='bbox 95 2081 148 2132; x_wconf 89' lang='lat' dir='ltr'>aut</span> <span class='ocrx_word' id='word_1_74' title='bbox 165 2071 287 2132; x_wconf 93' lang='lat' dir='ltr'>vulnus</span> <span class='ocrx_word' id='word_1_75' title='bbox 308 2070 423 2132; x_wconf 87' lang='lat' dir='ltr'>dolens</span> <span class='ocrx_word' id='word_1_76' title='bbox 438 2080 493 2131; x_wconf 89' lang='lat' dir='ltr'>aut</span> <span class='ocrx_word' id='word_1_77' title='bbox 507 2071 641 2148; x_wconf 87' lang='lat' dir='ltr'>sanguis</span> <span class='ocrx_word' id='word_1_78' title='bbox 656 2072 778 2131; x_wconf 92' lang='lat' dir='ltr'>rubeus</span> <span class='ocrx_word' id='word_1_79' title='bbox 792 2087 851 2146; x_wconf 92' lang='lat' dir='ltr'>per</span> 
     </span>
     <span class='ocr_line' id='line_1_16' title="bbox 95 2167 888 2244; baseline -0.003 -15"><span class='ocrx_word' id='word_1_80' title='bbox 95 2177 197 2229; x_wconf 94' lang='lat' dir='ltr'>totum</span> <span class='ocrx_word' id='word_1_81' title='bbox 221 2185 341 2244; x_wconf 92' lang='lat' dir='ltr'>corpus</span> <span class='ocrx_word' id='word_1_82' title='bbox 363 2167 467 2228; x_wconf 82' lang='lat' dir='ltr'>calide</span> <span class='ocrx_word' id='word_1_83' title='bbox 489 2167 605 2228; x_wconf 89' lang='lat' dir='ltr'>fluens.</span> <span class='ocrx_word' id='word_1_84' title='bbox 862 2175 888 2216; x_wconf 82' lang='lat'>¹⁵</span> 
     </span>
     <span class='ocr_line' id='line_1_17' title="bbox 135 2264 852 2343; baseline 0 -17"><span class='ocrx_word' id='word_1_85' title='bbox 135 2266 246 2326; x_wconf 87' lang='lat' dir='ltr'>Laudo</span> <span class='ocrx_word' id='word_1_86' title='bbox 269 2274 301 2326; x_wconf 86' lang='lat' dir='ltr'>et</span> <span class='ocrx_word' id='word_1_87' title='bbox 320 2264 466 2343; x_wconf 83' lang='lat' dir='ltr'>glorifico</span> <span class='ocrx_word' id='word_1_88' title='bbox 496 2274 528 2326; x_wconf 86' lang='lat' dir='ltr'>te</span> <span class='ocrx_word' id='word_1_89' title='bbox 552 2265 760 2342; x_wconf 83' lang='lat' dir='ltr'>dignissima,</span> <span class='ocrx_word' id='word_1_90' title='bbox 788 2284 852 2343; x_wconf 87' lang='lat' dir='ltr'>qua</span> 
     </span>
     <span class='ocr_line' id='line_1_18' title="bbox 95 2363 852 2442; baseline -0.003 -17"><span class='ocrx_word' id='word_1_91' title='bbox 95 2381 242 2442; x_wconf 90' lang='lat' dir='ltr'>possum,</span> <span class='ocrx_word' id='word_1_92' title='bbox 263 2364 476 2425; x_wconf 88' lang='lat' dir='ltr'>veneratione</span> <span class='ocrx_word' id='word_1_93' title='bbox 497 2381 571 2424; x_wconf 90' lang='lat' dir='ltr'>cum</span> <span class='ocrx_word' id='word_1_94' title='bbox 589 2363 717 2425; x_wconf 90' lang='lat' dir='ltr'>interna</span> <span class='ocrx_word' id='word_1_95' title='bbox 732 2363 852 2424; x_wconf 88' lang='lat' dir='ltr'>mentis</span> 
     </span>
     <span class='ocr_line' id='line_1_19' title="bbox 95 2459 851 2538; baseline -0.005 -16"><span class='ocrx_word' id='word_1_96' title='bbox 95 2460 301 2522; x_wconf 87' lang='lat' dir='ltr'>subiectione</span> <span class='ocrx_word' id='word_1_97' title='bbox 329 2478 387 2537; x_wconf 91' lang='lat' dir='ltr'>pro</span> <span class='ocrx_word' id='word_1_98' title='bbox 419 2461 474 2521; x_wconf 92' lang='lat' dir='ltr'>illa</span> <span class='ocrx_word' id='word_1_99' title='bbox 505 2461 688 2538; x_wconf 83' lang='lat' dir='ltr'>largissima</span> <span class='ocrx_word' id='word_1_100' title='bbox 717 2459 851 2536; x_wconf 87' lang='lat' dir='ltr'>pretiosi</span> 
     </span>
     <span class='ocr_line' id='line_1_20' title="bbox 95 2556 853 2636; baseline -0.003 -17"><span class='ocrx_word' id='word_1_101' title='bbox 95 2557 265 2636; x_wconf 81' lang='lat' dir='ltr'>sanguinis</span> <span class='ocrx_word' id='word_1_102' title='bbox 285 2558 333 2619; x_wconf 90' lang='lat' dir='ltr'>tui</span> <span class='ocrx_word' id='word_1_103' title='bbox 355 2557 519 2618; x_wconf 86' lang='lat' dir='ltr'>effusione</span> <span class='ocrx_word' id='word_1_104' title='bbox 534 2574 575 2618; x_wconf 86' lang='lat' dir='ltr'>ex</span> <span class='ocrx_word' id='word_1_105' title='bbox 590 2557 735 2635; x_wconf 87' lang='lat' dir='ltr'>quinque</span> <span class='ocrx_word' id='word_1_106' title='bbox 750 2556 853 2617; x_wconf 88' lang='lat' dir='ltr'>sacris</span> 
     </span>
     <span class='ocr_line' id='line_1_21' title="bbox 95 2655 889 2717; baseline -0.006 0"><span class='ocrx_word' id='word_1_107' title='bbox 95 2655 288 2717; x_wconf 88' lang='lat' dir='ltr'>vulneribus</span> <span class='ocrx_word' id='word_1_108' title='bbox 316 2655 382 2716; x_wconf 91' lang='lat' dir='ltr'>tuis</span> <span class='ocrx_word' id='word_1_109' title='bbox 409 2665 441 2715; x_wconf 92' lang='lat' dir='ltr'>et</span> <span class='ocrx_word' id='word_1_110' title='bbox 468 2672 508 2716; x_wconf 86' lang='lat' dir='ltr'>ex</span> <span class='ocrx_word' id='word_1_111' title='bbox 530 2655 657 2716; x_wconf 91' lang='lat' dir='ltr'>cunctis</span> <span class='ocrx_word' id='word_1_112' title='bbox 679 2655 889 2715; x_wconf 76' lang='lat' dir='ltr'>vulnerumao</span> 
     </span>
     <span class='ocr_line' id='line_1_22' title="bbox 95 2751 853 2827; baseline -0.003 -14"><span class='ocrx_word' id='word_1_113' title='bbox 95 2753 303 2814; x_wconf 87' lang='lat' dir='ltr'>cicatricibus</span> <span class='ocrx_word' id='word_1_114' title='bbox 352 2751 530 2814; x_wconf 90' lang='lat' dir='ltr'>maioribus</span> <span class='ocrx_word' id='word_1_115' title='bbox 580 2761 612 2814; x_wconf 87' lang='lat' dir='ltr'>et</span> <span class='ocrx_word' id='word_1_116' title='bbox 660 2751 853 2827; x_wconf 90' lang='lat' dir='ltr'>minoribus,</span> 
     </span>
     <span class='ocr_line' id='line_1_23' title="bbox 95 2849 852 2912; baseline 0 -2"><span class='ocrx_word' id='word_1_117' title='bbox 95 2849 342 2911; x_wconf 88' lang='lat' dir='ltr'>cruentantibus</span> <span class='ocrx_word' id='word_1_118' title='bbox 385 2860 417 2912; x_wconf 88' lang='lat' dir='ltr'>et</span> <span class='ocrx_word' id='word_1_119' title='bbox 452 2849 650 2910; x_wconf 88' lang='lat' dir='ltr'>stillantibus</span> <span class='ocrx_word' id='word_1_120' title='bbox 685 2849 852 2910; x_wconf 86' lang='lat' dir='ltr'>vivificum</span> 
     </span>
     <span class='ocr_line' id='line_1_24' title="bbox 95 2946 852 3024; baseline -0.001 -17"><span class='ocrx_word' id='word_1_121' title='bbox 95 2947 257 3024; x_wconf 87' lang='lat' dir='ltr'>liquorem</span> <span class='ocrx_word' id='word_1_122' title='bbox 280 2947 368 3007; x_wconf 93' lang='lat' dir='ltr'>omni</span> <span class='ocrx_word' id='word_1_123' title='bbox 392 2947 536 3007; x_wconf 88' lang='lat' dir='ltr'>balsamo</span> <span class='ocrx_word' id='word_1_124' title='bbox 568 2947 795 3022; x_wconf 88' lang='lat' dir='ltr'>pretiosiorem</span> <span class='ocrx_word' id='word_1_125' title='bbox 819 2946 852 3006; x_wconf 94' lang='lat' dir='ltr'>in</span> 
     </span>
     <span class='ocr_line' id='line_1_25' title="bbox 97 3043 852 3119; baseline 0 -15"><span class='ocrx_word' id='word_1_126' title='bbox 97 3043 361 3105; x_wconf 84' lang='lat' dir='ltr'>efficacissimam</span> <span class='ocrx_word' id='word_1_127' title='bbox 411 3052 618 3119; x_wconf 88' lang='lat' dir='ltr'>peccatorum</span> <span class='ocrx_word' id='word_1_128' title='bbox 666 3053 852 3104; x_wconf 90' lang='lat' dir='ltr'>nostrorum</span> 
     </span>
     <span class='ocr_line' id='line_1_26' title="bbox 96 3140 890 3216; baseline -0.003 -12"><span class='ocrx_word' id='word_1_129' title='bbox 96 3142 303 3204; x_wconf 85' lang='lat' dir='ltr'>medicinam.</span> <span class='ocrx_word' id='word_1_130' title='bbox 347 3140 397 3202; x_wconf 74' lang='lat' dir='ltr'>Ah</span> <span class='ocrx_word' id='word_1_131' title='bbox 422 3143 497 3203; x_wconf 91' lang='lat' dir='ltr'>lesu</span> <span class='ocrx_word' id='word_1_132' title='bbox 519 3140 708 3216; x_wconf 89' lang='lat' dir='ltr'>mitissime,</span> <span class='ocrx_word' id='word_1_133' title='bbox 730 3140 762 3201; x_wconf 91' lang='lat' dir='ltr'>in</span> <span class='ocrx_word' id='word_1_134' title='bbox 786 3149 890 3202; x_wconf 78' lang='lat' dir='ltr'>tan-2⁵</span> 
     </span>
     <span class='ocr_line' id='line_1_27' title="bbox 97 3236 853 3301; baseline -0.003 -1"><span class='ocrx_word' id='word_1_135' title='bbox 97 3250 163 3301; x_wconf 92' lang='lat' dir='ltr'>tum</span> <span class='ocrx_word' id='word_1_136' title='bbox 197 3238 287 3299; x_wconf 86' lang='lat' dir='ltr'>luisti</span> <span class='ocrx_word' id='word_1_137' title='bbox 319 3256 337 3298; x_wconf 88' lang='lat' dir='ltr'>a</span> <span class='ocrx_word' id='word_1_138' title='bbox 368 3239 556 3300; x_wconf 90' lang='lat' dir='ltr'>crudelibus</span> <span class='ocrx_word' id='word_1_139' title='bbox 587 3236 747 3300; x_wconf 91' lang='lat' dir='ltr'>ministris</span> <span class='ocrx_word' id='word_1_140' title='bbox 778 3254 853 3298; x_wconf 92' lang='lat' dir='ltr'>con·</span> 
     </span>
     <span class='ocr_line' id='line_1_28' title="bbox 97 3335 853 3414; baseline -0.005 -14"><span class='ocrx_word' id='word_1_141' title='bbox 97 3348 201 3401; x_wconf 90' lang='lat' dir='ltr'>tortus</span> <span class='ocrx_word' id='word_1_142' title='bbox 230 3348 263 3400; x_wconf 90' lang='lat' dir='ltr'>et</span> <span class='ocrx_word' id='word_1_143' title='bbox 290 3338 478 3414; x_wconf 88' lang='lat' dir='ltr'>perfossus,</span> <span class='ocrx_word' id='word_1_144' title='bbox 508 3347 544 3399; x_wconf 93' lang='lat' dir='ltr'>ut</span> <span class='ocrx_word' id='word_1_145' title='bbox 573 3336 700 3398; x_wconf 89' lang='lat' dir='ltr'>cunctis</span> <span class='ocrx_word' id='word_1_146' title='bbox 728 3335 853 3396; x_wconf 90' lang='lat' dir='ltr'>viribus</span> 
     </span>
     <span class='ocr_line' id='line_1_29' title="bbox 99 3434 853 3514; baseline -0.005 -18"><span class='ocrx_word' id='word_1_147' title='bbox 99 3435 245 3514; x_wconf 89' lang='lat' dir='ltr'>corporis</span> <span class='ocrx_word' id='word_1_148' title='bbox 288 3434 456 3497; x_wconf 86' lang='lat' dir='ltr'>exhaustis</span> <span class='ocrx_word' id='word_1_149' title='bbox 497 3435 658 3512; x_wconf 87' lang='lat' dir='ltr'>venisque</span> <span class='ocrx_word' id='word_1_150' title='bbox 700 3434 763 3494; x_wconf 88' lang='lat' dir='ltr'>late</span> <span class='ocrx_word' id='word_1_151' title='bbox 800 3434 853 3493; x_wconf 89' lang='lat' dir='ltr'>ad-</span> 
     </span>
    </p>
   </div>
   <div class='ocr_carea' id='block_1_8' title="bbox 97 3530 853 3678">
    <p class='ocr_par' dir='ltr' id='par_1_8' title="bbox 97 3530 853 3678">
     <span class='ocr_line' id='line_1_30' title="bbox 97 3530 853 3621; baseline -0.001 -28"><span class='ocrx_word' id='word_1_152' title='bbox 97 3534 218 3610; x_wconf 89' lang='lat' dir='ltr'>apertis</span> <span class='ocrx_word' id='word_1_153' title='bbox 246 3550 307 3594; x_wconf 88' lang='lat' dir='ltr'>nec</span> <span class='ocrx_word' id='word_1_154' title='bbox 336 3549 435 3608; x_wconf 88' lang='lat' dir='ltr'>parva</span> <span class='ocrx_word' id='word_1_155' title='bbox 461 3532 586 3609; x_wconf 86' lang='lat' dir='ltr'>guttula</span> <span class='ocrx_word' id='word_1_156' title='bbox 613 3530 704 3621; x_wconf 26' lang='lat' dir='ltr'>inflte</span> <span class='ocrx_word' id='word_1_157' title='bbox 726 3540 853 3592; x_wconf 89' lang='lat' dir='ltr'>reman-</span> 
     </span>
     <span class='ocr_line' id='line_1_31' title="bbox 461 3637 494 3678; baseline 0 0"><span class='ocrx_word' id='word_1_158' title='bbox 461 3637 494 3678; x_wconf 87' lang='lat'>121</span> 
     </span>
    </p>
   </div>
   <div class='ocr_carea' id='block_1_9' title="bbox 0 0 1088 4174">
    <p class='ocr_par' dir='ltr' id='par_1_9' title="bbox 0 0 1088 4174">
     <span class='ocr_line' id='line_1_32' title="bbox 0 0 1088 4174; baseline 0 0"><span class='ocrx_word' id='word_1_159' title='bbox 0 0 1088 4174; x_wconf 95' lang='lat' dir='ltr'> </span> 
     </span>
    </p>
   </div>
  </div>
 </body>
</html>
