<?xml version="1.0" encoding="UTF-8"?>
<!DOCTYPE html PUBLIC "-//W3C//DTD XHTML 1.0 Transitional//EN"
    "http://www.w3.org/TR/xhtml1/DTD/xhtml1-transitional.dtd">
<html xmlns="http://www.w3.org/1999/xhtml" xml:lang="en" lang="en">
 <head>
  <title>
</title>
<meta http-equiv="Content-Type" content="text/html;charset=utf-8" />
  <meta name='ocr-system' content='tesseract 3.04.00' />
  <meta name='ocr-capabilities' content='ocr_page ocr_carea ocr_par ocr_line ocrx_word'/>
</head>
<body>
  <div class='ocr_page' id='page_1' title='image "./thomaehemerkena02pohlgoog_0106.png"; bbox 0 0 2152 4174; ppageno 0'>
   <div class='ocr_carea' id='block_1_1' title="bbox 96 365 849 474">
    <p class='ocr_par' dir='ltr' id='par_1_1' title="bbox 96 365 849 474">
     <span class='ocr_line' id='line_1_1' title="bbox 96 365 849 474; baseline 0.001 -1"><span class='ocrx_word' id='word_1_1' title='bbox 96 365 849 474; x_wconf 43' lang='lat' dir='ltr'><strong>Quaem&amp;</strong></span> 
     </span>
    </p>
   </div>
   <div class='ocr_carea' id='block_1_2' title="bbox 12 550 885 3459">
    <p class='ocr_par' dir='ltr' id='par_1_2' title="bbox 12 550 885 1510">
     <span class='ocr_line' id='line_1_2' title="bbox 89 550 852 615; baseline 0.008 -5"><span class='ocrx_word' id='word_1_2' title='bbox 89 550 302 611; x_wconf 85' lang='lat' dir='ltr'><strong>frementium</strong></span> <span class='ocrx_word' id='word_1_3' title='bbox 325 551 517 611; x_wconf 91' lang='lat' dir='ltr'><strong>ludaeorum</strong></span> <span class='ocrx_word' id='word_1_4' title='bbox 540 552 698 614; x_wconf 88' lang='lat' dir='ltr'><strong>adversus</strong></span> <span class='ocrx_word' id='word_1_5' title='bbox 720 563 752 615; x_wconf 96' lang='lat' dir='ltr'><strong>te</strong></span> <span class='ocrx_word' id='word_1_6' title='bbox 775 555 852 615; x_wconf 87' lang='lat' dir='ltr'><strong>luri-</strong></span> 
     </span>
     <span class='ocr_line' id='line_1_3' title="bbox 50 649 851 729; baseline 0.002 -19"><span class='ocrx_word' id='word_1_7' title='bbox 50 711 53 717; x_wconf 66' lang='lat'>,</span> <span class='ocrx_word' id='word_1_8' title='bbox 88 651 198 711; x_wconf 89' lang='lat' dir='ltr'><strong>hunde</strong></span> <span class='ocrx_word' id='word_1_9' title='bbox 215 649 440 711; x_wconf 82' lang='lat' dir='ltr'><strong>clamantium:</strong></span> <span class='ocrx_word' id='word_1_10' title='bbox 463 649 565 727; x_wconf 82' lang='lat' dir='ltr'><strong>Tolle,</strong></span> <span class='ocrx_word' id='word_1_11' title='bbox 581 651 676 727; x_wconf 90' lang='lat' dir='ltr'><strong>tolle;</strong></span> <span class='ocrx_word' id='word_1_12' title='bbox 698 651 851 729; x_wconf 88' lang='lat' dir='ltr'><strong>crucilige</strong></span> 
     </span>
     <span class='ocr_line' id='line_1_4' title="bbox 89 748 851 823; baseline 0.004 -16"><span class='ocrx_word' id='word_1_13' title='bbox 89 765 176 808; x_wconf 89' lang='lat' dir='ltr'><strong>eum.</strong></span> <span class='ocrx_word' id='word_1_14' title='bbox 207 748 282 807; x_wconf 85' lang='lat' dir='ltr'><strong>Heu</strong></span> <span class='ocrx_word' id='word_1_15' title='bbox 305 756 425 823; x_wconf 89' lang='lat' dir='ltr'><strong>quanta</strong></span> <span class='ocrx_word' id='word_1_16' title='bbox 446 748 581 810; x_wconf 88' lang='lat' dir='ltr'><strong>saevitia</strong></span> <span class='ocrx_word' id='word_1_17' title='bbox 602 748 784 810; x_wconf 81' lang='lat' dir='ltr'><strong>infelicium</strong></span> <span class='ocrx_word' id='word_1_18' title='bbox 802 750 851 810; x_wconf 91' lang='lat' dir='ltr'><strong>lu-</strong></span> 
     </span>
     <span class='ocr_line' id='line_1_5' title="bbox 12 845 851 923; baseline 0.005 -18"><span class='ocrx_word' id='word_1_19' title='bbox 12 863 13 866; x_wconf 46' lang='lat'><em>*</em></span> <span class='ocrx_word' id='word_1_20' title='bbox 89 847 257 922; x_wconf 87' lang='lat' dir='ltr'><strong>daeorum,</strong></span> <span class='ocrx_word' id='word_1_21' title='bbox 279 862 375 922; x_wconf 87' lang='lat' dir='ltr'><strong>quam</strong></span> <span class='ocrx_word' id='word_1_22' title='bbox 391 845 569 906; x_wconf 91' lang='lat' dir='ltr'><strong>inhumana</strong></span> <span class='ocrx_word' id='word_1_23' title='bbox 584 846 758 908; x_wconf 89' lang='lat' dir='ltr'><strong>crudelitas</strong></span> <span class='ocrx_word' id='word_1_24' title='bbox 773 864 851 923; x_wconf 90' lang='lat' dir='ltr'><strong>pon-</strong></span> 
     </span>
     <span class='ocr_line' id='line_1_6' title="bbox 89 942 872 1020; baseline 0 -17"><span class='ocrx_word' id='word_1_25' title='bbox 89 943 214 1004; x_wconf 85' lang='lat' dir='ltr'><strong>tificum</strong></span> <span class='ocrx_word' id='word_1_26' title='bbox 231 952 263 1004; x_wconf 88' lang='lat' dir='ltr'><strong>et</strong></span> <span class='ocrx_word' id='word_1_27' title='bbox 279 942 540 1019; x_wconf 82' lang='lat' dir='ltr'><strong>Pharisaeorum,</strong></span> <span class='ocrx_word' id='word_1_28' title='bbox 557 944 612 1020; x_wconf 90' lang='lat' dir='ltr'><strong>qui</strong></span> <span class='ocrx_word' id='word_1_29' title='bbox 629 945 718 1005; x_wconf 91' lang='lat' dir='ltr'><strong>nullo</strong></span> <span class='ocrx_word' id='word_1_30' title='bbox 733 945 872 1006; x_wconf 73' lang='lat' dir='ltr'><strong>timores</strong></span> 
     </span>
     <span class='ocr_line' id='line_1_7' title="bbox 89 1041 850 1119; baseline 0 -17"><span class='ocrx_word' id='word_1_31' title='bbox 89 1043 126 1102; x_wconf 94' lang='lat' dir='ltr'><strong>ab</strong></span> <span class='ocrx_word' id='word_1_32' title='bbox 142 1041 311 1102; x_wconf 91' lang='lat' dir='ltr'><strong>occisione</strong></span> <span class='ocrx_word' id='word_1_33' title='bbox 326 1050 381 1102; x_wconf 90' lang='lat' dir='ltr'><strong>tua</strong></span> <span class='ocrx_word' id='word_1_34' title='bbox 393 1042 608 1119; x_wconf 88' lang='lat' dir='ltr'><strong>deterrentur,</strong></span> <span class='ocrx_word' id='word_1_35' title='bbox 622 1042 712 1102; x_wconf 89' lang='lat' dir='ltr'><strong>nulla</strong></span> <span class='ocrx_word' id='word_1_36' title='bbox 726 1041 850 1102; x_wconf 92' lang='lat' dir='ltr'><strong>ratione</strong></span> 
     </span>
     <span class='ocr_line' id='line_1_8' title="bbox 89 1139 849 1217; baseline -0.003 -16"><span class='ocrx_word' id='word_1_37' title='bbox 89 1142 126 1201; x_wconf 87' lang='lat' dir='ltr'><strong>ab</strong></span> <span class='ocrx_word' id='word_1_38' title='bbox 170 1139 338 1200; x_wconf 82' lang='lat' dir='ltr'>innocenti</span> <span class='ocrx_word' id='word_1_39' title='bbox 381 1140 539 1217; x_wconf 84' lang='lat' dir='ltr'><strong>sanguine</strong></span> <span class='ocrx_word' id='word_1_40' title='bbox 588 1149 849 1216; x_wconf 87' lang='lat' dir='ltr'><strong>compescuntur.</strong></span> 
     </span>
     <span class='ocr_line' id='line_1_9' title="bbox 90 1236 850 1314; baseline -0.003 -15"><span class='ocrx_word' id='word_1_41' title='bbox 90 1238 247 1299; x_wconf 87' lang='lat' dir='ltr'>Flectitur</span> <span class='ocrx_word' id='word_1_42' title='bbox 273 1237 405 1314; x_wconf 84' lang='lat' dir='ltr'><strong>gentilis</strong></span> <span class='ocrx_word' id='word_1_43' title='bbox 433 1237 531 1297; x_wconf 84' lang='lat' dir='ltr'><strong>iudex</strong></span> <span class='ocrx_word' id='word_1_44' title='bbox 559 1238 598 1298; x_wconf 88' lang='lat' dir='ltr'><strong>ad</strong></span> <span class='ocrx_word' id='word_1_45' title='bbox 620 1237 760 1314; x_wconf 83' lang='lat' dir='ltr'><strong>aliquam</strong></span> <span class='ocrx_word' id='word_1_46' title='bbox 783 1236 850 1313; x_wconf 89' lang='lat' dir='ltr'><strong>pie·</strong></span> 
     </span>
     <span class='ocr_line' id='line_1_10' title="bbox 90 1334 847 1411; baseline -0.001 -15"><span class='ocrx_word' id='word_1_47' title='bbox 90 1345 198 1411; x_wconf 88' lang='lat' dir='ltr'><strong>tatem,</strong></span> <span class='ocrx_word' id='word_1_48' title='bbox 223 1335 282 1395; x_wconf 92' lang='lat' dir='ltr'><strong>sed</strong></span> <span class='ocrx_word' id='word_1_49' title='bbox 303 1334 495 1398; x_wconf 89' lang='lat' dir='ltr'><strong>indurantur</strong></span> <span class='ocrx_word' id='word_1_50' title='bbox 511 1335 619 1396; x_wconf 88' lang='lat' dir='ltr'><strong>Iudaei</strong></span> <span class='ocrx_word' id='word_1_51' title='bbox 636 1336 675 1396; x_wconf 90' lang='lat' dir='ltr'><strong>ad</strong></span> <span class='ocrx_word' id='word_1_52' title='bbox 687 1335 847 1396; x_wconf 76' lang='lat' dir='ltr'><strong>&#39;acriorem</strong></span> 
     </span>
     <span class='ocr_line' id='line_1_11' title="bbox 12 1427 885 1510; baseline -0.006 -16"><span class='ocrx_word' id='word_1_53' title='bbox 12 1427 13 1430; x_wconf 63' lang='grc'>’</span> <span class='ocrx_word' id='word_1_54' title='bbox 91 1432 333 1510; x_wconf 87' lang='lat' dir='ltr'><strong>malignitatem.</strong></span> <span class='ocrx_word' id='word_1_55' title='bbox 358 1433 481 1494; x_wconf 90' lang='lat' dir='ltr'><strong>Nititur</strong></span> <span class='ocrx_word' id='word_1_56' title='bbox 497 1433 620 1494; x_wconf 88' lang='lat' dir='ltr'><strong>Pilatus</strong></span> <span class='ocrx_word' id='word_1_57' title='bbox 635 1444 667 1494; x_wconf 93' lang='lat' dir='ltr'><strong>te</strong></span> <span class='ocrx_word' id='word_1_58' title='bbox 682 1451 849 1510; x_wconf 88' lang='lat' dir='ltr'><strong>excusare,</strong></span> <span class='ocrx_word' id='word_1_59' title='bbox 860 1447 885 1490; x_wconf 79' lang='lat' dir='ltr'><strong>to</strong></span> 
     </span>
    </p>

    <p class='ocr_par' dir='ltr' id='par_1_3' title="bbox 53 1529 884 2095">
     <span class='ocr_line' id='line_1_12' title="bbox 53 1529 849 1608; baseline 0.001 -17"><span class='ocrx_word' id='word_1_60' title='bbox 53 1598 56 1604; x_wconf 55' lang='grc'><em>,</em></span> <span class='ocrx_word' id='word_1_61' title='bbox 92 1531 216 1608; x_wconf 91' lang='lat' dir='ltr'><strong>quaerit</strong></span> <span class='ocrx_word' id='word_1_62' title='bbox 239 1530 371 1590; x_wconf 91' lang='lat' dir='ltr'><strong>modum</strong></span> <span class='ocrx_word' id='word_1_63' title='bbox 397 1529 589 1606; x_wconf 92' lang='lat' dir='ltr'><strong>dimittendi,</strong></span> <span class='ocrx_word' id='word_1_64' title='bbox 612 1532 743 1608; x_wconf 87' lang='lat' dir='ltr'><strong>allegat,</strong></span> <span class='ocrx_word' id='word_1_65' title='bbox 774 1531 849 1608; x_wconf 88' lang='lat' dir='ltr'><strong>quia</strong></span> 
     </span>
     <span class='ocr_line' id='line_1_13' title="bbox 92 1627 847 1704; baseline 0 -16"><span class='ocrx_word' id='word_1_66' title='bbox 92 1629 212 1690; x_wconf 88' lang='lat' dir='ltr'><strong>nullam</strong></span> <span class='ocrx_word' id='word_1_67' title='bbox 235 1627 269 1688; x_wconf 94' lang='lat' dir='ltr'><strong>in</strong></span> <span class='ocrx_word' id='word_1_68' title='bbox 287 1637 319 1689; x_wconf 89' lang='lat' dir='ltr'><strong>te</strong></span> <span class='ocrx_word' id='word_1_69' title='bbox 335 1645 465 1688; x_wconf 89' lang='lat' dir='ltr'><strong>causam</strong></span> <span class='ocrx_word' id='word_1_70' title='bbox 482 1627 597 1688; x_wconf 92' lang='lat' dir='ltr'><strong>mortis</strong></span> <span class='ocrx_word' id='word_1_71' title='bbox 612 1627 767 1704; x_wconf 91' lang='lat' dir='ltr'><strong>inveniat,</strong></span> <span class='ocrx_word' id='word_1_72' title='bbox 790 1629 847 1690; x_wconf 91' lang='lat' dir='ltr'><strong>sed</strong></span> 
     </span>
     <span class='ocr_line' id='line_1_14' title="bbox 94 1725 847 1787; baseline 0 -1"><span class='ocrx_word' id='word_1_73' title='bbox 94 1726 283 1786; x_wconf 91' lang='lat' dir='ltr'><strong>obnituntur</strong></span> <span class='ocrx_word' id='word_1_74' title='bbox 297 1725 508 1786; x_wconf 85' lang='lat' dir='ltr'><strong>immemores</strong></span> <span class='ocrx_word' id='word_1_75' title='bbox 523 1725 669 1787; x_wconf 93' lang='lat' dir='ltr'><strong>omnium</strong></span> <span class='ocrx_word' id='word_1_76' title='bbox 688 1728 847 1786; x_wconf 89' lang='lat' dir='ltr'><strong>bonorum</strong></span> 
     </span>
     <span class='ocr_line' id='line_1_15' title="bbox 95 1822 846 1899; baseline 0.001 -17"><span class='ocrx_word' id='word_1_77' title='bbox 95 1824 201 1884; x_wconf 90' lang='lat' dir='ltr'><strong>ludaei</strong></span> <span class='ocrx_word' id='word_1_78' title='bbox 218 1824 450 1884; x_wconf 87' lang='lat' dir='ltr'><strong>reclamantes:</strong></span> <span class='ocrx_word' id='word_1_79' title='bbox 467 1822 501 1884; x_wconf 89' lang='lat' dir='ltr'><strong>Si</strong></span> <span class='ocrx_word' id='word_1_80' title='bbox 517 1825 605 1883; x_wconf 89' lang='lat' dir='ltr'><strong>hunc</strong></span> <span class='ocrx_word' id='word_1_81' title='bbox 621 1823 767 1899; x_wconf 90' lang='lat' dir='ltr'><strong>dimittis,</strong></span> <span class='ocrx_word' id='word_1_82' title='bbox 782 1840 846 1883; x_wconf 95' lang='lat' dir='ltr'><strong>non</strong></span> 
     </span>
     <span class='ocr_line' id='line_1_16' title="bbox 94 1918 884 1998; baseline 0.003 -19"><span class='ocrx_word' id='word_1_83' title='bbox 94 1937 128 1980; x_wconf 89' lang='lat' dir='ltr'><strong>es</strong></span> <span class='ocrx_word' id='word_1_84' title='bbox 155 1920 282 1981; x_wconf 91' lang='lat' dir='ltr'><strong>amicus</strong></span> <span class='ocrx_word' id='word_1_85' title='bbox 305 1918 468 1981; x_wconf 86' lang='lat' dir='ltr'><strong>Caesaris.</strong></span> <span class='ocrx_word' id='word_1_86' title='bbox 513 1918 631 1980; x_wconf 92' lang='lat' dir='ltr'><strong>Omnis</strong></span> <span class='ocrx_word' id='word_1_87' title='bbox 660 1920 763 1996; x_wconf 88' lang='lat' dir='ltr'><strong>enim,</strong></span> <span class='ocrx_word' id='word_1_88' title='bbox 792 1921 846 1998; x_wconf 93' lang='lat' dir='ltr'><strong>qui</strong></span> <span class='ocrx_word' id='word_1_89' title='bbox 859 1938 884 1981; x_wconf 74' lang='grc' dir='ltr'><strong>ιε</strong></span> 
     </span>
     <span class='ocr_line' id='line_1_17' title="bbox 95 2017 753 2095; baseline 0.003 -18"><span class='ocrx_word' id='word_1_90' title='bbox 95 2035 129 2079; x_wconf 91' lang='lat' dir='ltr'><strong>se</strong></span> <span class='ocrx_word' id='word_1_91' title='bbox 150 2035 261 2095; x_wconf 82' lang='lat' dir='ltr'><strong>regem</strong></span> <span class='ocrx_word' id='word_1_92' title='bbox 285 2017 372 2092; x_wconf 87' lang='lat' dir='ltr'><strong>facit,</strong></span> <span class='ocrx_word' id='word_1_93' title='bbox 394 2017 585 2079; x_wconf 89' lang='lat' dir='ltr'><strong>contradicit</strong></span> <span class='ocrx_word' id='word_1_94' title='bbox 608 2017 753 2079; x_wconf 85' lang='lat' dir='ltr'><strong>Caesari.</strong></span> 
     </span>
    </p>

    <p class='ocr_par' dir='ltr' id='par_1_4' title="bbox 94 2113 848 2386">
     <span class='ocr_line' id='line_1_18' title="bbox 132 2113 848 2192; baseline 0 -15"><span class='ocrx_word' id='word_1_95' title='bbox 132 2117 205 2177; x_wconf 87' lang='lat' dir='ltr'><strong>Heu</strong></span> <span class='ocrx_word' id='word_1_96' title='bbox 250 2133 346 2192; x_wconf 92' lang='lat' dir='ltr'><strong>quam</strong></span> <span class='ocrx_word' id='word_1_97' title='bbox 395 2113 570 2174; x_wconf 84' lang='lat' dir='ltr'><strong>falsissime</strong></span> <span class='ocrx_word' id='word_1_98' title='bbox 613 2117 693 2176; x_wconf 88' lang='lat' dir='ltr'><strong>haec</strong></span> <span class='ocrx_word' id='word_1_99' title='bbox 736 2125 848 2177; x_wconf 91' lang='lat' dir='ltr'><strong>contra</strong></span> 
     </span>
     <span class='ocr_line' id='line_1_19' title="bbox 95 2210 847 2288; baseline 0 -15"><span class='ocrx_word' id='word_1_100' title='bbox 95 2223 177 2273; x_wconf 90' lang='lat' dir='ltr'><strong>tuam</strong></span> <span class='ocrx_word' id='word_1_101' title='bbox 200 2211 418 2273; x_wconf 90' lang='lat' dir='ltr'><strong>humilitatem</strong></span> <span class='ocrx_word' id='word_1_102' title='bbox 441 2210 659 2287; x_wconf 88' lang='lat' dir='ltr'><strong>mentiuntur,</strong></span> <span class='ocrx_word' id='word_1_103' title='bbox 694 2212 749 2288; x_wconf 92' lang='lat' dir='ltr'><strong>qui</strong></span> <span class='ocrx_word' id='word_1_104' title='bbox 786 2229 847 2273; x_wconf 91' lang='lat' dir='ltr'><strong>nec</strong></span> 
     </span>
     <span class='ocr_line' id='line_1_20' title="bbox 94 2309 847 2386; baseline 0.004 -18"><span class='ocrx_word' id='word_1_105' title='bbox 94 2312 190 2370; x_wconf 89' lang='lat' dir='ltr'><strong>verbo</strong></span> <span class='ocrx_word' id='word_1_106' title='bbox 205 2326 268 2368; x_wconf 92' lang='lat' dir='ltr'><strong>nec</strong></span> <span class='ocrx_word' id='word_1_107' title='bbox 285 2309 369 2369; x_wconf 88' lang='lat' dir='ltr'><strong>lacto</strong></span> <span class='ocrx_word' id='word_1_108' title='bbox 384 2309 581 2384; x_wconf 89' lang='lat' dir='ltr'><strong>temporales</strong></span> <span class='ocrx_word' id='word_1_109' title='bbox 596 2311 739 2370; x_wconf 90' lang='lat' dir='ltr'><strong>honores</strong></span> <span class='ocrx_word' id='word_1_110' title='bbox 750 2327 847 2386; x_wconf 88' lang='lat' dir='ltr'><strong>quae-</strong></span> 
     </span>
    </p>

    <p class='ocr_par' dir='ltr' id='par_1_5' title="bbox 12 2405 883 2858">
     <span class='ocr_line' id='line_1_21' title="bbox 12 2405 883 2483; baseline 0.001 -16"><span class='ocrx_word' id='word_1_111' title='bbox 12 2451 14 2468; x_wconf 84' lang='lat'>.</span> <span class='ocrx_word' id='word_1_112' title='bbox 93 2407 172 2483; x_wconf 92' lang='lat' dir='ltr'><strong>sisti,</strong></span> <span class='ocrx_word' id='word_1_113' title='bbox 194 2407 295 2467; x_wconf 91' lang='lat' dir='ltr'><strong>immo</strong></span> <span class='ocrx_word' id='word_1_114' title='bbox 320 2406 403 2466; x_wconf 89' lang='lat' dir='ltr'><strong>lacto</strong></span> <span class='ocrx_word' id='word_1_115' title='bbox 426 2405 518 2482; x_wconf 87' lang='lat' dir='ltr'><strong>signo</strong></span> <span class='ocrx_word' id='word_1_116' title='bbox 540 2405 696 2482; x_wconf 88' lang='lat' dir='ltr'><strong>mirilico,</strong></span> <span class='ocrx_word' id='word_1_117' title='bbox 718 2425 792 2467; x_wconf 95' lang='lat' dir='ltr'><strong>cum</strong></span> <span class='ocrx_word' id='word_1_118' title='bbox 815 2416 883 2478; x_wconf 75' lang='lat' dir='ltr'><strong>teau</strong></span> 
     </span>
     <span class='ocr_line' id='line_1_22' title="bbox 93 2503 846 2583; baseline 0.001 -19"><span class='ocrx_word' id='word_1_119' title='bbox 93 2523 200 2583; x_wconf 84' lang='lat' dir='ltr'><strong>regem</strong></span> <span class='ocrx_word' id='word_1_120' title='bbox 225 2504 333 2564; x_wconf 88' lang='lat' dir='ltr'><strong>lacere</strong></span> <span class='ocrx_word' id='word_1_121' title='bbox 355 2504 495 2580; x_wconf 90' lang='lat' dir='ltr'><strong>populus</strong></span> <span class='ocrx_word' id='word_1_122' title='bbox 518 2503 557 2562; x_wconf 93' lang='lat' dir='ltr'><strong>de</strong></span> <span class='ocrx_word' id='word_1_123' title='bbox 580 2505 692 2579; x_wconf 91' lang='lat' dir='ltr'><strong>paucis</strong></span> <span class='ocrx_word' id='word_1_124' title='bbox 716 2505 846 2566; x_wconf 92' lang='lat' dir='ltr'><strong>cibariis</strong></span> 
     </span>
     <span class='ocr_line' id='line_1_23' title="bbox 91 2601 846 2677; baseline -0.001 -14"><span class='ocrx_word' id='word_1_125' title='bbox 91 2603 225 2665; x_wconf 90' lang='lat' dir='ltr'><strong>satiatus</strong></span> <span class='ocrx_word' id='word_1_126' title='bbox 248 2601 466 2677; x_wconf 87' lang='lat' dir='ltr'><strong>decrevisset,</strong></span> <span class='ocrx_word' id='word_1_127' title='bbox 494 2618 569 2660; x_wconf 87' lang='lat' dir='ltr'><strong>mox</strong></span> <span class='ocrx_word' id='word_1_128' title='bbox 594 2601 632 2661; x_wconf 89' lang='lat' dir='ltr'><strong>ad</strong></span> <span class='ocrx_word' id='word_1_129' title='bbox 655 2603 774 2662; x_wconf 92' lang='lat' dir='ltr'><strong>montis</strong></span> <span class='ocrx_word' id='word_1_130' title='bbox 797 2620 846 2662; x_wconf 90' lang='lat' dir='ltr'><strong>se-</strong></span> 
     </span>
     <span class='ocr_line' id='line_1_24' title="bbox 92 2697 847 2776; baseline 0.001 -16"><span class='ocrx_word' id='word_1_131' title='bbox 92 2712 215 2763; x_wconf 92' lang='lat' dir='ltr'><strong>cretum</strong></span> <span class='ocrx_word' id='word_1_132' title='bbox 246 2699 389 2776; x_wconf 84' lang='lat' dir='ltr'><strong>effugisti</strong></span> <span class='ocrx_word' id='word_1_133' title='bbox 419 2699 509 2758; x_wconf 88' lang='lat' dir='ltr'><strong>solus</strong></span> <span class='ocrx_word' id='word_1_134' title='bbox 531 2697 652 2758; x_wconf 88' lang='lat' dir='ltr'><strong>ibidem</strong></span> <span class='ocrx_word' id='word_1_135' title='bbox 675 2700 707 2760; x_wconf 94' lang='lat' dir='ltr'><strong>in</strong></span> <span class='ocrx_word' id='word_1_136' title='bbox 730 2701 847 2763; x_wconf 89' lang='lat' dir='ltr'><strong>oratio·</strong></span> 
     </span>
     <span class='ocr_line' id='line_1_25' title="bbox 92 2797 373 2858; baseline -0.007 0"><span class='ocrx_word' id='word_1_137' title='bbox 92 2799 186 2858; x_wconf 92' lang='lat' dir='ltr'><strong>nibus</strong></span> <span class='ocrx_word' id='word_1_138' title='bbox 209 2797 373 2858; x_wconf 88' lang='lat' dir='ltr'><strong>latitando.</strong></span> 
     </span>
    </p>

    <p class='ocr_par' dir='ltr' id='par_1_6' title="bbox 92 2893 882 3265">
     <span class='ocr_line' id='line_1_26' title="bbox 130 2893 882 2970; baseline 0.001 -13"><span class='ocrx_word' id='word_1_139' title='bbox 130 2896 195 2957; x_wconf 87' lang='lat' dir='ltr'><strong>Sed</strong></span> <span class='ocrx_word' id='word_1_140' title='bbox 225 2911 286 2954; x_wconf 91' lang='lat' dir='ltr'><strong>nec</strong></span> <span class='ocrx_word' id='word_1_141' title='bbox 315 2895 378 2954; x_wconf 89' lang='lat' dir='ltr'><strong>ista</strong></span> <span class='ocrx_word' id='word_1_142' title='bbox 399 2895 483 2954; x_wconf 90' lang='lat' dir='ltr'><strong>mala</strong></span> <span class='ocrx_word' id='word_1_143' title='bbox 509 2893 694 2970; x_wconf 86' lang='lat' dir='ltr'><strong>sulliciunt,</strong></span> <span class='ocrx_word' id='word_1_144' title='bbox 725 2895 882 2960; x_wconf 77' lang='lat' dir='ltr'><strong>adduntzs</strong></span> 
     </span>
     <span class='ocr_line' id='line_1_27' title="bbox 92 2991 846 3068; baseline -0.005 -13"><span class='ocrx_word' id='word_1_145' title='bbox 92 2994 254 3055; x_wconf 90' lang='lat' dir='ltr'><strong>deteriora</strong></span> <span class='ocrx_word' id='word_1_146' title='bbox 281 2992 461 3068; x_wconf 74' lang='lat' dir='ltr'><strong>prioribu8‚</strong></span> <span class='ocrx_word' id='word_1_147' title='bbox 490 2992 609 3068; x_wconf 88' lang='lat' dir='ltr'><strong>quibus</strong></span> <span class='ocrx_word' id='word_1_148' title='bbox 639 2991 757 3052; x_wconf 90' lang='lat' dir='ltr'><strong>iudicis</strong></span> <span class='ocrx_word' id='word_1_149' title='bbox 779 2992 846 3052; x_wconf 88' lang='lat' dir='ltr'><strong>ani-</strong></span> 
     </span>
     <span class='ocr_line' id='line_1_28' title="bbox 94 3090 844 3167; baseline 0 -17"><span class='ocrx_word' id='word_1_150' title='bbox 94 3109 178 3152; x_wconf 94' lang='lat' dir='ltr'><strong>mum</strong></span> <span class='ocrx_word' id='word_1_151' title='bbox 202 3090 339 3150; x_wconf 90' lang='lat' dir='ltr'><strong>incitent</strong></span> <span class='ocrx_word' id='word_1_152' title='bbox 360 3091 400 3150; x_wconf 90' lang='lat' dir='ltr'><strong>ad</strong></span> <span class='ocrx_word' id='word_1_153' title='bbox 415 3090 643 3167; x_wconf 88' lang='lat' dir='ltr'><strong>exequendum</strong></span> <span class='ocrx_word' id='word_1_154' title='bbox 660 3090 844 3150; x_wconf 87' lang='lat' dir='ltr'><strong>deicidium.</strong></span> 
     </span>
     <span class='ocr_line' id='line_1_29' title="bbox 93 3187 845 3265; baseline -0.004 -16"><span class='ocrx_word' id='word_1_155' title='bbox 93 3189 160 3249; x_wconf 92' lang='lat' dir='ltr'><strong>Nos</strong></span> <span class='ocrx_word' id='word_1_156' title='bbox 175 3190 292 3265; x_wconf 86' lang='lat' dir='ltr'><strong>legem,</strong></span> <span class='ocrx_word' id='word_1_157' title='bbox 310 3187 472 3264; x_wconf 87' lang='lat' dir='ltr'><strong>inquiunt,</strong></span> <span class='ocrx_word' id='word_1_158' title='bbox 494 3189 662 3263; x_wconf 86' lang='lat' dir='ltr'><strong>habemus,</strong></span> <span class='ocrx_word' id='word_1_159' title='bbox 683 3196 715 3247; x_wconf 89' lang='lat' dir='ltr'><strong>et</strong></span> <span class='ocrx_word' id='word_1_160' title='bbox 730 3204 845 3248; x_wconf 88' lang='lat' dir='ltr'><strong>secun-</strong></span> 
     </span>
    </p>

    <p class='ocr_par' dir='ltr' id='par_1_7' title="bbox 12 3283 881 3459">
     <span class='ocr_line' id='line_1_30' title="bbox 12 3283 844 3364; baseline -0.004 -18"><span class='ocrx_word' id='word_1_161' title='bbox 12 3353 13 3364; x_wconf 15' lang='lat'><em>*</em></span> <span class='ocrx_word' id='word_1_162' title='bbox 94 3287 166 3346; x_wconf 91' lang='lat' dir='ltr'><strong>dum</strong></span> <span class='ocrx_word' id='word_1_163' title='bbox 190 3286 295 3362; x_wconf 87' lang='lat' dir='ltr'><strong>legem</strong></span> <span class='ocrx_word' id='word_1_164' title='bbox 318 3285 414 3346; x_wconf 89' lang='lat' dir='ltr'><strong>debet</strong></span> <span class='ocrx_word' id='word_1_165' title='bbox 436 3285 535 3360; x_wconf 93' lang='lat' dir='ltr'><strong>mori,</strong></span> <span class='ocrx_word' id='word_1_166' title='bbox 559 3284 636 3361; x_wconf 91' lang='lat' dir='ltr'><strong>quia</strong></span> <span class='ocrx_word' id='word_1_167' title='bbox 657 3283 759 3343; x_wconf 85' lang='lat' dir='ltr'><strong>lilium</strong></span> <span class='ocrx_word' id='word_1_168' title='bbox 783 3284 844 3344; x_wconf 88' lang='lat' dir='ltr'><strong>Dei</strong></span> 
     </span>
     <span class='ocr_line' id='line_1_31' title="bbox 94 3383 881 3459; baseline 0 -15"><span class='ocrx_word' id='word_1_169' title='bbox 94 3401 127 3444; x_wconf 90' lang='lat' dir='ltr'><strong>se</strong></span> <span class='ocrx_word' id='word_1_170' title='bbox 155 3383 242 3444; x_wconf 86' lang='lat' dir='ltr'><strong>lecit.</strong></span> <span class='ocrx_word' id='word_1_171' title='bbox 288 3384 378 3443; x_wconf 89' lang='lat' dir='ltr'><strong>Haec</strong></span> <span class='ocrx_word' id='word_1_172' title='bbox 404 3383 493 3443; x_wconf 92' lang='lat' dir='ltr'><strong>audit</strong></span> <span class='ocrx_word' id='word_1_173' title='bbox 515 3399 664 3459; x_wconf 74' lang='lat' dir='ltr'><strong>praese8‚</strong></span> <span class='ocrx_word' id='word_1_174' title='bbox 695 3390 881 3456; x_wconf 78' lang='lat' dir='ltr'><strong>terretur‚so</strong></span> 
     </span>
    </p>
   </div>
   <div class='ocr_carea' id='block_1_3' title="bbox 95 3478 845 3628">
    <p class='ocr_par' dir='ltr' id='par_1_8' title="bbox 95 3478 845 3628">
     <span class='ocr_line' id='line_1_32' title="bbox 95 3478 845 3560; baseline -0.003 -20"><span class='ocrx_word' id='word_1_175' title='bbox 95 3481 282 3560; x_wconf 86' lang='lat' dir='ltr'><strong>interrogat,</strong></span> <span class='ocrx_word' id='word_1_176' title='bbox 311 3481 397 3540; x_wconf 89' lang='lat' dir='ltr'><strong>unde</strong></span> <span class='ocrx_word' id='word_1_177' title='bbox 427 3479 491 3555; x_wconf 68' lang='grc' dir='ltr'><strong>εἰς,</strong></span> <span class='ocrx_word' id='word_1_178' title='bbox 512 3479 653 3556; x_wconf 88' lang='lat' dir='ltr'><strong>quaerit:</strong></span> <span class='ocrx_word' id='word_1_179' title='bbox 685 3478 771 3555; x_wconf 92' lang='lat' dir='ltr'><strong>Quid</strong></span> <span class='ocrx_word' id='word_1_180' title='bbox 795 3487 845 3538; x_wconf 89' lang='lat' dir='ltr'><strong>est</strong></span> 
     </span>
     <span class='ocr_line' id='line_1_33' title="bbox 453 3584 479 3628; baseline 0.038 -1"><span class='ocrx_word' id='word_1_181' title='bbox 453 3584 479 3628; x_wconf 76' lang='lat' dir='ltr'><strong>at</strong></span> 
     </span>
    </p>
   </div>
   <div class='ocr_carea' id='block_1_4' title="bbox 0 0 1086 4174">
    <p class='ocr_par' dir='ltr' id='par_1_9' title="bbox 0 0 1086 4174">
     <span class='ocr_line' id='line_1_34' title="bbox 0 0 1086 4174; baseline 0 0"><span class='ocrx_word' id='word_1_182' title='bbox 0 0 1086 4174; x_wconf 95' lang='lat' dir='ltr'><strong> </strong></span> 
     </span>
    </p>
   </div>
  </div>
 </body>
</html>
