2142 4172
84 667 170 729 meis
191 666 231 727 ad
253 667 446 728 cantandum
469 669 613 744 psalmos
635 675 667 728 et
689 666 842 727 adiuvan-

84 767 163 826 dum
186 783 261 842 eos,
292 765 377 825 sicut
404 766 541 841 apostoli
571 764 625 826 isti
654 781 712 842 per
742 773 840 824 totam

83 873 216 924 noctem
238 863 277 923 ad
296 863 472 940 capiendos
488 865 597 942 pisces
612 864 732 941 pariter
753 878 842 922 man-

83 970 200 1021 serunt
215 971 247 1022 et
262 961 501 1038 laboraverunt,
516 963 620 1022 donec
635 961 842 1020 illucesceret

84 1058 174 1134 dies,
210 1068 242 1118 et
276 1067 311 1119 tu
347 1060 479 1120 venires
517 1069 549 1120 et
578 1059 864 1121 benedictionems

83 1155 191 1216 dares
220 1155 304 1216 Nam
326 1166 359 1218 te
381 1167 553 1234 praesente
576 1167 609 1217 et
627 1156 842 1218 benedicente

84 1262 156 1312 rete
183 1269 297 1314 eorum
319 1255 431 1316 multis
460 1256 587 1333 magnis
615 1254 761 1332 piscibus
783 1254 842 1313 im-

83 1351 211 1426 pletum
234 1361 294 1413 est.

128 1447 193 1524 Sic,
214 1465 347 1525 quaeso,
370 1450 528 1526 Domine,
555 1449 656 1528 gratia
677 1458 731 1510 tua
752 1464 843 1524 prae·

84 1545 241 1606 veniente
263 1555 295 1606 et
317 1546 539 1624 subsequente
561 1557 648 1607 tanta
669 1545 879 1633 dulcedinem

85 1642 236 1702 internae
259 1643 443 1705 devotionis
465 1662 517 1705 me
539 1645 676 1721 implere
698 1643 843 1721 digneris

86 1741 121 1800 in
145 1741 282 1817 orando,
304 1751 339 1802 ut
362 1743 454 1803 multi
478 1743 564 1820 longi
586 1741 701 1819 psalmi
724 1740 843 1802 melius

86 1838 168 1898 mibi
191 1838 317 1914 sapiant
339 1841 442 1901 oranti
470 1858 566 1918 quam
598 1839 705 1916 magni
734 1838 843 1914 pisces

87 1935 258 1996 esurienti.
283 1937 391 1998 Maior
406 1948 456 1999 est
466 1938 553 1999 enim
565 1938 709 1998 suavitas
724 1935 843 1997 mentis

88 2051 186 2111 quam
222 2035 356 2096 ventris.
413 2035 495 2096 Nam
539 2035 673 2112 spiritus
709 2046 844 2110 recreat,
857 2056 881 2096 rs

89 2148 166 2192 caro
180 2141 301 2210 gravat,
323 2133 458 2209 spiritus
473 2133 622 2209 purificat
637 2142 669 2193 et
684 2132 846 2208 laetificat,

89 2246 165 2289 caro
187 2231 327 2290 maculat
349 2239 381 2290 et
402 2230 581 2290 contristat.
617 2229 758 2306 Spiritus
774 2230 845 2289 Deo

90 2343 127 2386 se
150 2326 259 2387 subdit
280 2337 312 2388 et
333 2326 481 2402 oboedit‚
510 2343 584 2387 caro
615 2335 723 2386 autem
746 2341 844 2400 saepe

89 2423 215 2484 resistit
237 2434 268 2484 et
290 2425 397 2486 laedit.
427 2425 548 2485 Melior
563 2433 613 2484 est
634 2423 721 2483 enim
738 2423 845 2482 anima

89 2539 188 2600 quam
199 2540 328 2599 corpus,
339 2522 611 2599 digniorspiritus
621 2521 737 2582 vivens
748 2537 881 2597 quarnao

90 2637 167 2681 caro
202 2629 406 2697 putrescens.
458 2620 573 2680 Dulcis
609 2628 659 2680 est
693 2618 846 2693 mundus,

90 2718 150 2779 sed
172 2735 272 2794 super
293 2717 402 2778 omnia
423 2717 550 2777 dulcior
578 2725 610 2777 et
638 2716 733 2777 altior
754 2718 845 2776 Deus

90 2814 201 2874 omnia
223 2831 340 2875 creans
361 2822 393 2874 et
415 2830 542 2890 regens.

133 2912 197 2972 Per
212 2911 321 2972 omnia
335 2911 529 2971 benedictus
540 2911 597 2987 sis,
614 2911 754 2972 Domine
770 2911 845 2970 Iesu

91 3009 238 3086 Christe,
261 3010 352 3070 Deus
374 3026 478 3085 mene,
506 3010 561 3086 qui
585 3009 665 3070 lacis
686 3007 882 3069 mirabiliacs

91 3123 208 3184 magna
228 3108 320 3167 solus
343 3107 376 3167 in
398 3107 478 3167 mari
508 3117 541 3167 et
561 3108 595 3167 in
623 3117 718 3167 terra.
761 3106 843 3167 Nam

90 3222 167 3266 curn
189 3206 305 3267 electis
325 3203 440 3265 amicis
460 3204 526 3264 tuis
541 3205 680 3265 libenter
701 3206 847 3266 comedis

91 3313 125 3364 et
147 3302 290 3379 epularis
312 3312 343 3363 er
371 3319 545 3378 praeparas
575 3302 624 3363 eis
655 3320 783 3364 sacrum
815 3312 847 3364 et

91 3401 262 3477 spirituale
284 3400 471 3462 convivium
494 3399 527 3459 in
549 3400 682 3477 hymnis
710 3411 742 3462 et
763 3402 847 3478 psal·

91 3499 167 3576 mis,
189 3499 243 3576 qui
266 3499 430 3560 dulciores
449 3507 525 3558 sunt
541 3498 692 3558 omnibus
706 3497 884 3559 terrenisao

91 3598 176 3660 cibis
198 3607 230 3658 et
251 3597 381 3673 potibus
403 3596 584 3673 exquisitis.
626 3595 742 3656 Amen.

449 3701 490 3744 ³17
