2142 4172
389 488 393 495 ‘
409 463 832 576 11,1‚1affl

125 655 155 717 Ο
191 672 320 716 summe
355 663 387 716 et
422 655 558 715 amande
590 655 665 714 lesu
695 652 840 730 Christe,

84 754 179 814 firma
200 770 277 830 spes
292 753 505 829 credentium,
528 752 682 814 fortitudo
697 769 840 830 pugnan-

84 851 178 926 tium,
193 867 313 911 corona
323 851 536 926 vincentium,
552 850 711 927 sapientia
725 867 840 926 specu·

83 948 232 1025 lamium,
251 948 445 1009 illuminatio
460 948 689 1025 ignorantium,
704 949 840 1009 ostende

84 1046 183 1107 etiam
205 1045 286 1106 mibi
309 1045 342 1106 in
365 1046 528 1123 ergastulo
558 1045 665 1108 carnis
696 1045 863 1111 exulantis

83 1152 230 1205 sanctam
253 1151 285 1204 et
304 1143 507 1205 benedictam
523 1143 671 1220 spineam
687 1161 839 1204 coronam

83 1252 174 1303 tuam
196 1250 308 1302 sancto
331 1241 426 1318 capiti
448 1250 504 1302 tuo
526 1259 600 1302 cnm
622 1241 787 1303 derisione
809 1250 842 1302 et

84 1341 168 1401 dura
195 1339 409 1416 percussione
436 1338 595 1401 acerrime
623 1339 779 1400 inflictam
809 1349 841 1399 et

83 1438 281 1515 impressam
303 1447 512 1498 sacrosancto
534 1436 694 1514 sanguine
721 1444 778 1496 tuo
800 1452 840 1495 ex

83 1534 199 1595 multis
233 1534 425 1596 vulneribus
467 1535 612 1612 undique
654 1532 877 1594 distillantem

85 1631 136 1694 Sit
158 1631 249 1707 mihi,
271 1650 403 1709 quaeso,
426 1632 524 1693 huius
546 1641 677 1692 sanctae
699 1639 732 1691 et
753 1647 841 1690 acer·

83 1728 241 1790 bissimae
257 1747 397 1790 coronae
412 1731 499 1807 larga
513 1727 679 1790 distillatio
694 1727 840 1788 omnium

83 1836 295 1904 peccatorum
317 1844 465 1887 meorum
488 1828 584 1904 plena
605 1825 769 1903 purgatio,
798 1825 842 1884 la·

84 1923 262 1984 erimarum
285 1924 453 1985 inundatio
475 1934 507 1984 et
529 1923 609 1985 aridi
639 1923 747 1984 cordis
776 1922 838 1982 mei

83 2021 194 2082 subita
215 2022 381 2083 emollitio.
425 2022 473 2083 Sit
494 2022 574 2083 mihi
597 2021 695 2083 huius
710 2031 878 2082 sanctae1⁵

84 2131 119 2181 et
141 2120 331 2181 benedictae
353 2138 493 2182 coronae
514 2130 589 2182 tuae
615 2121 771 2198 frequens
793 2137 841 2180 re·

85 2219 232 2280 eordatio
263 2227 295 2279 et
325 2219 419 2281 fortis
450 2218 637 2296 imaginatio
668 2228 764 2294 atque
795 2217 842 2276 in·

84 2334 169 2394 gens
183 2317 356 2378 vulnerum
372 2325 502 2377 tuorum
518 2316 619 2377 laesio
635 2325 667 2376 et
681 2314 842 2391 inspectio

85 2422 277 2475 cunctarum
299 2416 456 2475 malarum
479 2432 588 2475 rerum
618 2423 650 2476 et
678 2413 842 2490 cogitatio·

85 2529 167 2573 num
198 2512 437 2573 immundarum
474 2511 622 2589 expulsio
658 2520 691 2571 et
721 2511 878 2588 lugatiooo

85 2610 301 2687 omniumque
340 2609 583 2671 tribulationum
620 2608 775 2670 extinctio
811 2617 843 2669 et

86 2707 236 2770 cassatio.
280 2708 363 2768 Nam
394 2709 575 2769 vehemens
606 2708 699 2768 dolor
729 2705 843 2782 capitis

86 2806 246 2884 extinguit
277 2807 445 2869 libidinem
476 2807 510 2867 in
539 2807 658 2868 ceteris
686 2805 843 2867 membris

86 2904 244 2980 corporis.
274 2905 385 2980 Intret,
406 2905 504 2966 intret
526 2923 602 2982 ergo
618 2922 735 2965 recens
750 2906 843 2966 dolor

87 3003 187 3064 huius
222 3002 375 3079 spinosae
411 3013 442 3064 et
478 3012 671 3065 cruentosae
703 3019 879 3063 coronaeaa

87 3101 197 3163 cordis
227 3101 292 3162 mei
330 3101 460 3178 intima,
495 3111 699 3162 commoveat
734 3101 843 3162 omnia

86 3199 235 3276 corporis
256 3198 321 3259 mei
344 3201 500 3275 membra,
522 3200 645 3276 repleat
659 3217 712 3260 me
728 3199 842 3260 amari-

85 3297 200 3358 tudine
215 3298 254 3357 ad
269 3297 443 3358 delendum
460 3314 575 3357 omnes
591 3296 699 3358 faeces
715 3297 842 3358 animae

86 3412 197 3471 meae,
228 3412 309 3472 quas
341 3394 485 3455 contraxi
514 3395 610 3471 longo
639 3404 787 3471 tempore
809 3395 841 3455 in

87 3492 276 3568 insipientia
297 3509 379 3553 mea.
423 3491 580 3553 Conterat
601 3491 635 3551 in
664 3509 717 3552 me
746 3509 878 3553 omneao

88 3591 189 3650 altum
222 3589 366 3665 cupitum
399 3590 437 3650 ad
469 3589 625 3664 nihilum,
656 3606 753 3650 omne
773 3590 844 3665 pul·

105 3703 109 3710 ·
447 3694 489 3736 aoo
