2142 4172
242 680 301 740 per
315 665 396 724 haec
411 670 543 723 aeterna
556 662 701 739 praemia
715 663 796 724 caeli
811 680 871 740 per
889 664 996 741 ipsum
1043 654 1044 744 i

241 761 299 821 tibi
322 761 480 822 donanda.

283 858 431 920 Obsecro
446 867 478 920 te
493 875 591 934 nunc,
605 857 754 935 piissime
766 859 841 920 lesu
853 859 997 937 Christe,
1044 891 1045 900 κ

243 957 294 1018 dic
315 956 413 1017 etiam
436 955 563 1016 animae
584 972 677 1016 meae
699 956 904 1017 salutiferum
927 974 997 1017 ver·
1044 959 1045 964 ’

219 1055 319 1115 sbum
341 1063 450 1130 tuum,
478 1054 566 1130 quod
587 1053 696 1114 dixisti
719 1063 831 1115 sancto
853 1053 879 1114 T
881 1057 998 1116 homae

242 1153 389 1230 apostolo
417 1162 473 1212 tuo
495 1151 603 1228 ipsum
632 1151 665 1212 in
695 1151 758 1212 lide
784 1152 998 1216 confortando

242 1259 275 1311 et
302 1250 487 1328 insignum
516 1249 648 1310 maximi
677 1250 798 1310 amoris
819 1251 866 1311 tui
889 1253 999 1313 omnia

242 1357 374 1425 peccata
405 1348 467 1409 sibi
498 1347 707 1409 dimittendo:
743 1347 833 1408 Infer
862 1349 998 1426 digitum

241 1455 334 1507 tuum
365 1447 429 1506 huc
460 1455 493 1507 et
522 1445 598 1508 vide
632 1461 750 1506 manus
780 1463 872 1507 meas
907 1448 998 1509 duris

208 1565 232 1606 ro
242 1543 344 1605 clavis
372 1543 405 1605 in
428 1561 525 1604 cruce
543 1560 612 1620 pro
640 1552 672 1604 te
701 1561 742 1604 ex
763 1560 874 1604 amore
895 1552 999 1605 trans·

243 1641 323 1702 lixas
345 1650 377 1702 et
398 1640 481 1702 aller
494 1657 626 1701 manum
642 1649 730 1701 tuam
745 1641 786 1701 ad
800 1644 998 1720 tangendum

242 1756 295 1800 me
324 1739 509 1801 mentaliter
536 1747 569 1799 et
592 1738 684 1798 mitte
712 1738 746 1798 in
774 1739 859 1800 latus
888 1757 998 1803 meum

242 1836 299 1896 tibi
321 1844 469 1913 apertum
492 1835 715 1911 amicabiliter,
735 1837 850 1898 lancea
868 1837 999 1899 militari

242 1934 441 2012 perforatum
456 1943 521 1995 tam
540 1933 673 2010 duriter,
695 1941 730 1994 ut
745 1944 912 1996 emanaret
927 1953 1000 1996 san-

208 2055 232 2096 15
241 2033 315 2111 guis
330 2042 362 2094 et
376 2050 460 2110 aqua
470 2049 510 2092 ex
523 2048 562 2091 eo
577 2031 709 2108 largiter
718 2030 752 2092 in
768 2032 998 2094 remissionem

242 2130 388 2192 omnium
404 2138 610 2208 peccatorum
626 2128 787 2190 veraciter
808 2138 841 2190 et
854 2146 913 2206 pro
931 2147 1000 2190 om·

242 2229 339 2289 nibus
354 2227 563 2291 credentibus
578 2226 843 2288 misericorditer.
873 2227 911 2286 Et
931 2226 998 2287 noli

242 2342 317 2385 esse
332 2325 532 2402 incredulus,
547 2326 605 2387 sed
621 2325 737 2402 fidelis,
752 2342 818 2386 non
829 2325 1000 2400 dubiosus,

242 2423 300 2483 sed
323 2423 437 2485 lirmus
458 2433 491 2484 et
512 2423 647 2499 stabilis,
668 2441 734 2484 non
757 2423 918 2498 curiosus,
940 2424 999 2484 sed

206 2519 382 2596 cosimplex
403 2529 435 2582 et
457 2521 605 2597 devotus,
626 2538 692 2581 non
707 2521 819 2599 segnis
835 2538 897 2582 nec
919 2520 1000 2582 obli-

242 2616 366 2693 viosus,
380 2618 440 2678 sed
454 2617 601 2679 fervidus
616 2629 648 2679 et
658 2627 769 2696 gratus
781 2619 852 2679 Deo
867 2636 1001 2697 semper

241 2730 300 2790 pro
320 2715 418 2775 tantis
432 2715 612 2777 beneflciis.
642 2716 732 2776 Haec
747 2716 827 2777 mihi
843 2718 1001 2793 concede,

242 2811 327 2871 bone
349 2821 381 2873 et
403 2812 520 2873 dilecte
537 2813 622 2889 Iesu,
644 2812 835 2890 frequenter
856 2814 1000 2892 cogitare

242 2915 275 2967 et
296 2908 475 2985 ruminare,
497 2910 554 2970 tibi
578 2910 714 2970 tirmiter
735 2912 870 2972 credere
892 2920 924 2973 et
946 2913 1001 2973 ad·

205 3008 395 3083 zshaerere,
424 3008 464 3068 de
486 3008 596 3069 verbis
619 3008 685 3069 tuis
707 3017 739 3069 et
762 3018 894 3070 aeterna
914 3010 1001 3071 veri-

242 3114 307 3165 tate
329 3122 506 3181 numquam
529 3105 686 3181 dubitare,
708 3105 741 3166 in
757 3106 845 3167 omni
863 3115 1001 3184 tempta·

242 3202 331 3262 tione
352 3211 385 3263 et
406 3202 613 3263 tribulatione
635 3203 675 3264 ad
700 3211 788 3265 tuam
810 3205 999 3281 passionem

242 3300 307 3361 cito
336 3317 506 3361 recurrere
534 3309 566 3361 et
595 3301 628 3361 in
657 3301 779 3362 sanctis
806 3302 1001 3363 vulneribus

242 3397 308 3458 tuis
318 3406 351 3458 et
361 3398 476 3474 poenis
491 3398 649 3460 solacium
664 3416 823 3476 quaerere
838 3409 871 3461 et
884 3416 1000 3477 pacem

205 3502 275 3559 a'oet
303 3495 450 3572 requiem
480 3496 607 3557 animae
631 3513 723 3557 meae
751 3496 786 3556 in
813 3505 846 3557 te
868 3513 1002 3573 semper

243 3591 402 3653 invenire.
446 3592 609 3669 Quicum
633 3595 728 3655 Patre
750 3605 811 3655 etc.

599 3699 641 3742 aua
