2142 4172
255 624 326 683 Hoc
348 622 419 683 viso
441 631 473 683 et
494 632 559 682 tam
574 623 686 700 grandi
703 623 860 684 miraculo
882 624 975 685 lacto

213 720 291 782 dicit
312 721 412 782 sociis
438 721 508 781 suis
536 731 568 781 et
596 720 782 798 specialiter
802 722 899 782 Petro
921 721 975 782 di-

213 819 359 895 scipulus
381 819 455 900 ille,
476 835 574 895 quem
596 818 748 896 diligebat
770 819 879 880 Iesus:
903 820 974 879 Do·
1055 825 1056 854 l

213 916 322 977 minus
337 925 396 977 est.
426 915 501 992 Quo
516 915 625 977 audito
640 915 773 993 gavisus
783 924 834 976 est
849 916 973 977 Petrus

189 1013 328 1091 ogaudio
350 1030 466 1090 magno
489 1013 583 1073 valde
612 1023 644 1073 et
665 1022 754 1074 tanto
783 1030 894 1074 amore
916 1032 973 1075 ac·

212 1128 333 1172 census
358 1110 529 1186 income,
560 1111 646 1187 quod
677 1111 830 1171 omnibns
857 1111 972 1172 oblitis

212 1219 244 1269 et
265 1207 389 1269 relictis
410 1207 443 1268 in
465 1207 539 1268 navi
562 1207 634 1268 sine
662 1225 754 1268 mora
780 1207 907 1269 exilivit
932 1209 967 1270 in

211 1323 327 1383 aquam
350 1314 382 1365 et
402 1305 512 1365 tunica
533 1305 700 1365 succincta
720 1307 905 1382 properavit
926 1307 970 1368 ad

213 1406 320 1466 lesum
354 1403 530 1464 Dominum
566 1421 681 1480 suum,
711 1422 810 1481 quem
846 1404 969 1466 amavit
1055 1437 1056 1476 ᾗ

158 1518 311 1578 ·rosuper
332 1517 429 1561 omne
451 1517 572 1560 nomen
594 1510 743 1562 sanctum
772 1502 806 1562 in
835 1501 969 1562 saecula
1055 1517 1056 1520 ¹

210 1598 429 1660 benedictum.

252 1695 281 1757 O
304 1705 423 1773 quanta
438 1696 622 1757 reverentia
643 1707 675 1758 et
695 1697 813 1758 fiducia
827 1697 969 1759 accessit

211 1803 242 1853 et
265 1794 374 1854 umida
394 1811 501 1871 genua
522 1812 582 1855 sua
597 1794 685 1856 nexit
705 1813 814 1856 coram
836 1804 878 1871 te,
901 1796 968 1856 Do·
1055 1877 1056 1882 ἵ

210 1891 299 1951 mine
322 1892 411 1968 lesu,
439 1893 578 1953 adorans
599 1902 632 1953 et
659 1894 825 1954 honorans
848 1893 966 1956 iaciem

177 2001 297 2054 rstnam
334 1990 404 2050 sole
444 1990 635 2066 clariorem,
676 1991 801 2068 angelis
842 1991 967 2053 sanctis

211 2104 342 2164 semper
364 2088 585 2164 conspicuam,
606 2088 668 2148 sibi
690 2098 813 2150 tanturn
837 2098 869 2150 et
891 2107 968 2150 con·

212 2185 378 2246 sodalibus
400 2186 470 2246 suis
485 2187 524 2247 ad
540 2188 653 2247 horam
669 2204 727 2263 pro
743 2186 967 2248 consolatione

212 2299 421 2358 concessam,
451 2283 610 2361 magnatis
640 2301 719 2345 vero
751 2295 783 2345 et
811 2284 967 2346 divitibus

212 2379 334 2442 saeculi
357 2380 456 2440 huius
485 2391 517 2441 et
546 2381 652 2457 epulis
680 2381 870 2443 vacantibus
898 2399 966 2443 om-
1055 2369 1056 2384 ³

175 2477 290 2543 aonino
312 2488 470 2556 negatam.

253 2574 282 2636 O
305 2575 358 2652 pie
381 2585 413 2636 et
434 2576 625 2637 dulcissime
648 2577 740 2652 lesu,
768 2593 809 2636 ne
838 2586 966 2638 avertas

213 2673 329 2733 faciem
352 2682 440 2734 tuam
463 2692 482 2734 a
503 2690 573 2749 me,
601 2673 635 2734 in
658 2691 865 2751 quocumque
893 2675 965 2737 loco

213 2779 245 2831 et
266 2770 377 2830 labore
401 2771 494 2831 luero
510 2771 716 2832 constitutus.
745 2771 829 2832 Veni
852 2781 884 2833 et
898 2783 966 2835 asta

213 2867 292 2928 mihi
315 2867 348 2928 in
378 2868 553 2945 cantando,
585 2869 739 2946 legendo,
755 2853 965 2948 meditando,

176 2965 404 3043 ascribendo,
432 2967 603 3029 studendo.
646 2969 814 3029 Memento
844 2968 909 3029 mei
930 2969 963 3029 in

213 3065 298 3125 bono
314 3073 356 3140 et,
374 3081 448 3124 cum
465 3065 550 3125 male
566 3065 646 3125 mihi
662 3065 769 3126 subito
785 3065 965 3142 contigerit,

214 3162 253 3222 da
274 3162 461 3238 patientiam
483 3162 517 3223 in
549 3163 647 3223 corde
678 3180 751 3223 meo
782 3172 814 3224 et
844 3163 878 3224 in
908 3180 964 3224 ore

213 3277 286 3320 meo
307 3269 340 3320 te
362 3277 493 3337 semper
507 3259 703 3321 benedicere
725 3269 757 3321 et
775 3261 885 3321 omnia
905 3277 962 3337 pro

213 3376 323 3420 amore
345 3369 377 3420 et
398 3361 524 3420 honore
545 3369 601 3420 tuo
616 3359 776 3436 patienter
791 3359 964 3422 sustinere.

177 3456 319 3516 aoVisita
340 3474 392 3516 me
415 3457 448 3516 in
470 3466 580 3532 nocte,
609 3455 738 3534 qnando
759 3457 906 3533 pulsatur
925 3459 964 3518 ad

215 3553 399 3624 matutinas,
421 3563 456 3614 ut
477 3554 540 3614 cito
563 3572 692 3631 surgam
715 3571 789 3614 cum
814 3553 965 3618 fratribus

567 3659 611 3701 aro
