2142 4172
112 436 183 511 ’Ὗ’
202 432 399 527 Ὗῖἶίὲ
417 482 446 534 ιι,
460 483 478 535 1,
490 421 839 536 mw

90 625 124 677 et
154 617 291 676 salutem
325 615 471 675 omnium
508 615 540 675 in
576 625 608 675 te
644 615 846 676 credentium

91 712 356 775 Christianorum
378 730 438 789 per
459 714 570 773 orbem
593 721 762 774 terrarum.

134 810 267 870 Praesta
281 809 372 885 mihi,
389 810 529 870 Domine
541 812 632 871 Deus
644 828 750 886 meus,
764 812 848 870 hanc

91 917 236 968 sanctam
250 916 283 968 et
293 908 484 968 catholicam
496 907 593 968 fidem
609 918 697 968 tuam
713 908 850 969 firmiter

91 1005 245 1081 retinere,
266 1005 362 1066 bonis
383 1005 538 1082 operibus
562 1006 720 1066 adornare
742 1016 774 1066 et
795 1024 872 1067 cu-s

91 1103 215 1164 stodire
244 1113 276 1164 et
304 1120 481 1180 numquam
511 1104 686 1164 averitate
708 1104 849 1164 deviare.

90 1200 211 1262 Amen.

274 1297 420 1374 [CAPIT
422 1299 547 1360 VLVM
571 1298 669 1374 XVI.]
722 1305 723 1308 ’

93 1430 207 1493 Oratio
228 1431 267 1491 de
288 1431 431 1508 quinque
451 1431 552 1492 sacris
572 1431 757 1492 vulneribus
780 1432 851 1492 lesu

409 1528 535 1590 Christi.
862 1545 887 1586 to

91 1622 341 1843 &medico
363 1689 396 1741 et
409 1680 529 1759 gratias
544 1698 602 1758 ago
618 1680 686 1756 tibi,
709 1680 850 1741 Domine

225 1779 300 1838 lesu
317 1778 462 1854 Christe,
484 1779 707 1840 amantissime
725 1779 770 1839 lili
787 1778 848 1839 Dei

90 1893 152 1953 pro
174 1877 278 1937 salute
300 1877 412 1937 mundi
436 1876 600 1952 crucifixe,
624 1894 682 1952 pro
698 1876 849 1939 omnibus

90 1973 261 2034 doloribus
271 1983 303 2034 et
313 1974 416 2035 sacris
426 1975 618 2035 vulneiibus
630 1974 705 2050 tuis,
719 1974 848 2035 maiori-

93 2073 158 2132 bus
178 2081 210 2132 et
224 2071 420 2148 minoribus,
442 2089 525 2149 quae
541 2090 599 2149 pro
614 2072 757 2148 peccatis
771 2072 855 2133 meis
865 2097 890 2138 15

94 2170 274 2248 purgandis
304 2179 401 2247 atque
431 2170 640 2234 absolvendis
667 2169 720 2246 pie
750 2178 782 2229 et
807 2170 854 2230 in-

94 2277 255 2329 nocenter
283 2268 446 2344 pertulisti
473 2276 506 2329 et
528 2268 614 2328 Patri
643 2278 698 2328 tuo
722 2267 853 2327 caelesti

95 2366 130 2427 iu
154 2382 231 2425 vera
255 2366 387 2426 caritate
416 2376 448 2426 et
476 2366 621 2442 perfecta
649 2365 855 2426 oboedientia

95 2463 267 2524 moriendo
289 2463 475 2541 gratissime
504 2473 536 2523 et
557 2472 672 2540 sponte
699 2463 853 2523 obtulisti.

138 2561 177 2621 Et
198 2561 372 2637 praecipue
387 2561 483 2621 laudo
506 2569 538 2621 et
551 2559 697 2638 glorifico
719 2570 750 2621 te
766 2577 890 2620 nuncao

95 2667 128 2720 et
160 2658 194 2718 in
224 2659 375 2718 omnibus
394 2659 520 2719 diebus
543 2659 628 2718 vitae
657 2675 749 2718 meae
779 2674 852 2718 cum

95 2773 227 2818 summa
245 2756 420 2833 gratiarum
437 2756 564 2817 actione
580 2764 612 2816 et
626 2755 854 2817 benedictione

95 2853 165 2916 oris
188 2853 252 2914 mei
275 2870 316 2914 ex
338 2853 451 2914 intima
473 2855 580 2914 cordis
600 2853 664 2913 mei
681 2852 854 2913 allectione

94 2961 129 3014 et
152 2969 226 3011 cum
249 2951 445 3012 suavissima
462 2952 687 3013 recordatione
708 2969 766 3027 pro
788 2969 854 3011 ma-

94 3050 185 3112 xima
215 3058 247 3109 et
275 3049 436 3110 amicabili
467 3049 653 3126 dignatione
682 3057 714 3109 et
744 3058 890 3124 apertazs

96 3147 288 3208 ostensione
310 3147 455 3224 quinque
477 3157 663 3207 sanctorum
679 3147 853 3206 vulnerum

94 3256 239 3320 tuorum,
263 3245 401 3321 quaein
425 3254 481 3304 tuo
505 3245 712 3305 sanctissimo
735 3252 767 3305 et
788 3245 854 3321 glo-

96 3344 186 3405 rioso
216 3360 351 3420 corpore
379 3353 453 3419 post
473 3344 599 3404 beatam
624 3352 656 3402 et
679 3342 852 3420 gloriosam

96 3441 372 3502 resurrectionem
384 3450 471 3501 tuam
484 3435 658 3503 reservasti
670 3450 703 3503 et
713 3440 853 3516 discipu·

95 3539 138 3599 lis
160 3539 225 3600 tuis
247 3540 286 3598 ad
301 3538 477 3599 videndum
501 3539 605 3598 oculis
627 3556 740 3599 eorum
762 3554 888 3613 prae-ao

458 3641 499 3684 aaa
