2144 4168
553 509 718 576 lipllegomena.

260 658 342 718 locis
361 661 412 734 33,
433 667 569 734 excepto
590 683 609 722 o
627 659 758 720 circiter
778 663 834 720 132
853 660 892 722 ‘o
914 669 948 719 et
969 659 1012 735 *p

259 739 488 815 consentiunt3
522 755 661 815 quorum
697 740 843 800 locorum
881 749 1011 800 cenmm

259 819 523 896 vigintiduobus
551 836 666 880 omnes
695 820 856 881 editiones
884 829 1014 896 praeter

259 899 296 963 *o
324 909 356 960 et
383 899 431 976 ‘p
460 899 547 959 inter
576 917 612 960 se
644 917 773 978 quoque
805 901 1011 961 concordant.

258 979 429 1040 Accedunt
443 979 506 1040 loci
521 983 570 1056 23,
586 979 705 1058 quibus
720 998 835 1042 omnes
850 980 1011 1041 editiones

259 1060 405 1136 exceptis
426 1059 462 1122 ‘o
481 1069 513 1120 et
529 1060 576 1138 ‘p
591 1061 676 1122 inter
698 1078 734 1122 se
750 1061 1010 1122 discordantibus
1054 1058 1055 1096 1

259 1141 390 1201 easdem
413 1140 573 1201 lectiones
594 1141 723 1202 habent.
752 1141 846 1202 Addo
868 1165 887 1203 o
909 1141 1010 1204 *n‘o

259 1221 340 1281 locis
366 1225 431 1296 141,
452 1245 470 1284 c
492 1221 593 1285 'n'o
621 1221 857 1298 ‘p100,o‘o
885 1221 934 1297 ‘p
958 1224 1010 1282 103

258 1301 347 1361 solos
377 1301 463 1361 inter
496 1318 532 1361 se
563 1302 768 1378 consentire,
799 1301 943 1378 denique
966 1302 1011 1364 ‘a

258 1391 290 1442 et
311 1381 347 1444 *o
376 1390 489 1441 contra
517 1399 633 1442 omnes
662 1383 823 1443 editiones
847 1382 930 1442 locis
953 1382 1010 1443 cir-

258 1462 340 1523 citer
357 1465 423 1538 164,
438 1472 550 1523 contra
565 1463 697 1523 easdem
713 1463 820 1523 addito
833 1487 851 1525 o
866 1462 949 1523 locis
963 1466 1009 1522 26.

310 1585 1010 1663 *pomniumedidonumpessimapraeter-

257 1682 353 1742 quam
382 1667 468 1743 quod
500 1667 564 1727 duo
595 1667 734 1743 capitula
763 1668 899 1743 desunt,
930 1667 1010 1726 locis

256 1746 375 1822 prioris
405 1755 560 1807 tractatus
581 1747 712 1808 circiter
731 1751 787 1808 851
813 1747 893 1807 alias
915 1756 1010 1824 atque

257 1827 402 1903 reliquae
430 1827 589 1887 lectiones
620 1828 760 1888 exhibet.
803 1827 912 1905 Quam
936 1844 1009 1888 con-

256 1907 441 1967 taminatam
478 1924 553 1968 esse
589 1925 628 1968 ex
658 1917 690 1972 A
719 1917 751 1968 et
776 1918 809 1971 Β
837 1907 1009 1984 multiplici

257 1987 329 2047 eius
351 2005 424 2047 cum
445 1987 599 2048 alterutro
615 2005 779 2048 consensu
796 1987 1009 2065 conspicuum

257 2077 315 2128 est.
365 2067 491 2144 Quodsi
528 2068 742 2129 nihilominus
777 2085 907 2129 errores
939 2069 1010 2129 eius

256 2147 289 2208 in
311 2164 483 2208 numerum
512 2165 616 2225 paene
644 2149 869 2210 incredibilem
899 2165 1012 2209 excre-

255 2237 389 2303 verunt,
420 2245 516 2305 quarn
538 2227 699 2290 violenter
719 2229 790 2290 sive
813 2229 916 2290 codex
939 2230 1011 2290 eius

256 2308 326 2368 sive
349 2308 463 2383 editor,
487 2309 573 2385 quod
595 2319 631 2370 ut
652 2310 781 2371 credam
803 2309 907 2387 magis
929 2310 1010 2369 mihi

256 2387 384 2449 animus
405 2388 556 2465 inclinat,
580 2389 613 2449 in
635 2388 780 2450 'rhomae
801 2392 901 2450 verba
922 2408 1011 2468 gras-

256 2479 345 2529 satus
376 2469 433 2544 sit,
464 2469 652 2530 coniectura
682 2470 777 2532 facile
807 2471 1010 2547 adsequeris.

256 2549 408 2625 Septiens
436 2558 560 2611 tantum
591 2567 665 2611 cum
687 2551 734 2613 ‘aa
755 2551 914 2612 adversus
937 2551 1011 2612 reli-

255 2646 338 2706 quos
360 2629 460 2689 libros
482 2646 598 2691 omnes
620 2630 793 2692 consentit.

314 2761 359 2832 *q
380 2761 532 2838 quotiens
561 2779 635 2822 cum
662 2762 801 2838 singulis
822 2762 957 2839 generis
979 2773 1011 2826 Β

254 2841 346 2902 libris
377 2842 596 2918 consentiret,
627 2842 803 2918 (consentit
833 2851 943 2903 autern
976 2853 1009 2902 ut

255 2940 329 2982 oum
345 2932 378 2985 Β
391 2922 594 2999 saepissime,
609 2923 653 2984 ita
667 2940 741 2983 cum
757 2932 789 2987 A
803 2923 964 2983 adversus
979 2934 1010 2986 Β

254 3003 333 3063 satis
355 3003 440 3080 raro)
461 3020 569 3080 neque
591 3003 746 3064 attinebat
767 3012 815 3078 et,
843 3003 934 3063 utin
958 3021 1009 3063 co·

254 3083 325 3143 dice
357 3100 536 3159 converso,
571 3083 731 3144 lubricum
763 3092 831 3144 erat
861 3084 1009 3145 numeris

254 3163 399 3224 delinire.
452 3163 626 3224 Adlocutio
661 3166 896 3225 monachorum
934 3182 1009 3224 con-

253 3252 392 3319 stanter,
421 3253 576 3319 quantum
599 3243 752 3320 memini,
780 3244 813 3305 in
835 3247 1009 3306 monacha·

254 3341 325 3384 rum
357 3323 597 3385 adlocutionem
632 3334 753 3385 mutata
788 3333 848 3384 est.
900 3324 1009 3402 Atque

253 3405 445 3464 monacham
482 3405 613 3481 quidem
650 3403 797 3465 codicem
834 3404 1009 3482 scripsisse

253 3484 314 3544 etsi
350 3483 547 3561 subscriptio
581 3485 693 3559 docet,
727 3494 835 3546 tamen
868 3486 1009 3546 vertisse

253 3580 383 3639 quoque
405 3580 466 3623 nec
488 3564 658 3625 adfirmare
678 3582 739 3626 nec
757 3582 877 3642 negare
892 3566 1008 3628 ausim.

611 3679 652 3720 ⁴02
