<?xml version="1.0" encoding="UTF-8"?>
<!DOCTYPE html PUBLIC "-//W3C//DTD XHTML 1.0 Transitional//EN"
    "http://www.w3.org/TR/xhtml1/DTD/xhtml1-transitional.dtd">
<html xmlns="http://www.w3.org/1999/xhtml" xml:lang="en" lang="en">
 <head>
  <title>
</title>
<meta http-equiv="Content-Type" content="text/html;charset=utf-8" />
  <meta name='ocr-system' content='tesseract 3.04.00' />
  <meta name='ocr-capabilities' content='ocr_page ocr_carea ocr_par ocr_line ocrx_word'/>
</head>
<body>
  <div class='ocr_page' id='page_1' title='image "./thomaehemerkena02pohlgoog_0231.png"; bbox 0 0 2194 4180; ppageno 0'>
   <div class='ocr_carea' id='block_1_1' title="bbox 221 425 966 535">
    <p class='ocr_par' dir='ltr' id='par_1_1' title="bbox 221 425 966 535">
     <span class='ocr_line' id='line_1_1' title="bbox 221 425 966 535; baseline 0.001 -1"><span class='ocrx_word' id='word_1_1' title='bbox 221 425 966 535; x_wconf 43' lang='lat' dir='ltr'>Quaem&amp;</span> 
     </span>
    </p>
   </div>
   <div class='ocr_carea' id='block_1_2' title="bbox 174 611 974 3523">
    <p class='ocr_par' dir='ltr' id='par_1_2' title="bbox 176 611 970 2137">
     <span class='ocr_line' id='line_1_2' title="bbox 212 611 970 691; baseline 0.004 -19"><span class='ocrx_word' id='word_1_2' title='bbox 212 611 970 691; x_wconf 86' lang='lat' dir='ltr'>incessabiliamorediligentes,nolite,quaeso,</span> 
     </span>
     <span class='ocr_line' id='line_1_3' title="bbox 211 709 970 788; baseline 0.001 -18"><span class='ocrx_word' id='word_1_3' title='bbox 211 709 970 788; x_wconf 84' lang='lat' dir='ltr'>nimiumplangere,nolitepenitusdesperare;</span> 
     </span>
     <span class='ocr_line' id='line_1_4' title="bbox 212 807 970 889; baseline 0.004 -21"><span class='ocrx_word' id='word_1_4' title='bbox 212 807 427 869; x_wconf 84' lang='lat' dir='ltr'><strong>recordamini</strong></span> <span class='ocrx_word' id='word_1_5' title='bbox 450 809 624 869; x_wconf 90' lang='lat' dir='ltr'>verborum</span> <span class='ocrx_word' id='word_1_6' title='bbox 649 809 741 886; x_wconf 91' lang='lat' dir='ltr'>Iesu,</span> <span class='ocrx_word' id='word_1_7' title='bbox 769 829 853 888; x_wconf 88' lang='lat' dir='ltr'>quae</span> <span class='ocrx_word' id='word_1_8' title='bbox 874 829 970 889; x_wconf 88' lang='lat' dir='ltr'>prae-</span> 
     </span>
     <span class='ocr_line' id='line_1_5' title="bbox 211 906 969 986; baseline 0.004 -21"><span class='ocrx_word' id='word_1_9' title='bbox 211 906 306 981; x_wconf 86' lang='lat' dir='ltr'>dixit,</span> <span class='ocrx_word' id='word_1_10' title='bbox 337 915 370 966; x_wconf 92' lang='lat' dir='ltr'>et</span> <span class='ocrx_word' id='word_1_11' title='bbox 400 915 568 982; x_wconf 85' lang='lat' dir='ltr'>expectate</span> <span class='ocrx_word' id='word_1_12' title='bbox 590 908 772 985; x_wconf 85' lang='lat' dir='ltr'>paulisper,</span> <span class='ocrx_word' id='word_1_13' title='bbox 803 919 877 986; x_wconf 91' lang='lat' dir='ltr'>post</span> <span class='ocrx_word' id='word_1_14' title='bbox 897 918 969 970; x_wconf 88' lang='lat' dir='ltr'>tres</span> 
     </span>
     <span class='ocr_line' id='line_1_6' title="bbox 188 1003 968 1083; baseline 0.004 -19"><span class='ocrx_word' id='word_1_15' title='bbox 188 1021 351 1081; x_wconf 82' lang='lat' dir='ltr'>snamque</span> <span class='ocrx_word' id='word_1_16' title='bbox 367 1003 587 1064; x_wconf 82' lang='lat' dir='ltr'>indubitanter</span> <span class='ocrx_word' id='word_1_17' title='bbox 602 1005 672 1065; x_wconf 90' lang='lat' dir='ltr'>dies</span> <span class='ocrx_word' id='word_1_18' title='bbox 688 1016 845 1083; x_wconf 85' lang='lat' dir='ltr'>resurget.</span> <span class='ocrx_word' id='word_1_19' title='bbox 873 1005 968 1066; x_wconf 90' lang='lat' dir='ltr'>Tunc</span> 
     </span>
     <span class='ocr_line' id='line_1_7' title="bbox 210 1101 968 1179; baseline 0.001 -17"><span class='ocrx_word' id='word_1_20' title='bbox 210 1102 363 1163; x_wconf 90' lang='lat' dir='ltr'>videbitis</span> <span class='ocrx_word' id='word_1_21' title='bbox 385 1119 460 1162; x_wconf 88' lang='lat' dir='ltr'>eum</span> <span class='ocrx_word' id='word_1_22' title='bbox 483 1101 516 1161; x_wconf 94' lang='lat' dir='ltr'>in</span> <span class='ocrx_word' id='word_1_23' title='bbox 538 1119 654 1179; x_wconf 86' lang='lat' dir='ltr'>magna</span> <span class='ocrx_word' id='word_1_24' title='bbox 675 1103 821 1164; x_wconf 88' lang='lat' dir='ltr'>claritate</span> <span class='ocrx_word' id='word_1_25' title='bbox 842 1113 874 1164; x_wconf 89' lang='lat' dir='ltr'>et</span> <span class='ocrx_word' id='word_1_26' title='bbox 895 1120 968 1163; x_wconf 93' lang='lat' dir='ltr'>cor·</span> 
     </span>
     <span class='ocr_line' id='line_1_8' title="bbox 210 1199 968 1278; baseline 0.003 -19"><span class='ocrx_word' id='word_1_27' title='bbox 210 1199 261 1260; x_wconf 93' lang='lat' dir='ltr'>dis</span> <span class='ocrx_word' id='word_1_28' title='bbox 283 1199 420 1275; x_wconf 88' lang='lat' dir='ltr'>laetitia,</span> <span class='ocrx_word' id='word_1_29' title='bbox 448 1216 545 1276; x_wconf 89' lang='lat' dir='ltr'>quem</span> <span class='ocrx_word' id='word_1_30' title='bbox 568 1217 655 1260; x_wconf 94' lang='lat' dir='ltr'>nunc</span> <span class='ocrx_word' id='word_1_31' title='bbox 677 1201 829 1278; x_wconf 85' lang='lat' dir='ltr'>plangitis</span> <span class='ocrx_word' id='word_1_32' title='bbox 858 1202 968 1278; x_wconf 90' lang='lat' dir='ltr'>sepul·</span> 
     </span>
     <span class='ocr_line' id='line_1_9' title="bbox 210 1297 968 1360; baseline 0.001 -3"><span class='ocrx_word' id='word_1_33' title='bbox 210 1306 278 1358; x_wconf 91' lang='lat' dir='ltr'>turn</span> <span class='ocrx_word' id='word_1_34' title='bbox 310 1298 343 1357; x_wconf 92' lang='lat' dir='ltr'>in</span> <span class='ocrx_word' id='word_1_35' title='bbox 374 1297 562 1358; x_wconf 84' lang='lat' dir='ltr'>infirmitate</span> <span class='ocrx_word' id='word_1_36' title='bbox 593 1309 625 1360; x_wconf 91' lang='lat' dir='ltr'>et</span> <span class='ocrx_word' id='word_1_37' title='bbox 655 1300 826 1360; x_wconf 89' lang='lat' dir='ltr'>maestitia.</span> <span class='ocrx_word' id='word_1_38' title='bbox 874 1298 968 1360; x_wconf 93' lang='lat' dir='ltr'>Tunc</span> 
     </span>
     <span class='ocr_line' id='line_1_10' title="bbox 194 1395 969 1472; baseline 0 -16"><span class='ocrx_word' id='word_1_39' title='bbox 194 1395 271 1464; x_wconf 81' lang='lat' dir='ltr'>erit</span> <span class='ocrx_word' id='word_1_40' title='bbox 285 1396 438 1472; x_wconf 89' lang='lat' dir='ltr'>gaudium</span> <span class='ocrx_word' id='word_1_41' title='bbox 454 1413 575 1457; x_wconf 92' lang='lat' dir='ltr'>novum</span> <span class='ocrx_word' id='word_1_42' title='bbox 587 1398 738 1458; x_wconf 91' lang='lat' dir='ltr'>omnibus</span> <span class='ocrx_word' id='word_1_43' title='bbox 753 1398 868 1458; x_wconf 88' lang='lat' dir='ltr'>amicis</span> <span class='ocrx_word' id='word_1_44' title='bbox 883 1397 969 1472; x_wconf 89' lang='lat' dir='ltr'>eius,</span> 
     </span>
     <span class='ocr_line' id='line_1_11' title="bbox 176 1493 968 1570; baseline 0.001 -17"><span class='ocrx_word' id='word_1_45' title='bbox 176 1493 265 1570; x_wconf 82' lang='lat' dir='ltr'>toqui</span> <span class='ocrx_word' id='word_1_46' title='bbox 288 1510 375 1553; x_wconf 91' lang='lat' dir='ltr'>nunc</span> <span class='ocrx_word' id='word_1_47' title='bbox 397 1493 591 1570; x_wconf 86' lang='lat' dir='ltr'>gravissime</span> <span class='ocrx_word' id='word_1_48' title='bbox 623 1495 662 1554; x_wconf 94' lang='lat' dir='ltr'>de</span> <span class='ocrx_word' id='word_1_49' title='bbox 693 1505 798 1555; x_wconf 88' lang='lat' dir='ltr'>morte</span> <span class='ocrx_word' id='word_1_50' title='bbox 829 1494 902 1554; x_wconf 90' lang='lat' dir='ltr'>eius</span> <span class='ocrx_word' id='word_1_51' title='bbox 930 1504 968 1554; x_wconf 86' lang='lat' dir='ltr'>et</span> 
     </span>
     <span class='ocr_line' id='line_1_12' title="bbox 211 1591 966 1666; baseline 0.003 -16"><span class='ocrx_word' id='word_1_52' title='bbox 211 1591 378 1666; x_wconf 87' lang='lat' dir='ltr'>sepultura</span> <span class='ocrx_word' id='word_1_53' title='bbox 412 1591 654 1652; x_wconf 88' lang='lat' dir='ltr'>contristantur.</span> <span class='ocrx_word' id='word_1_54' title='bbox 711 1592 781 1653; x_wconf 92' lang='lat' dir='ltr'>Nec</span> <span class='ocrx_word' id='word_1_55' title='bbox 817 1593 878 1653; x_wconf 91' lang='lat' dir='ltr'>erit</span> <span class='ocrx_word' id='word_1_56' title='bbox 916 1592 966 1652; x_wconf 92' lang='lat' dir='ltr'>illi</span> 
     </span>
     <span class='ocr_line' id='line_1_13' title="bbox 210 1689 969 1764; baseline 0.001 -16"><span class='ocrx_word' id='word_1_57' title='bbox 210 1689 344 1748; x_wconf 90' lang='lat' dir='ltr'>omnino</span> <span class='ocrx_word' id='word_1_58' title='bbox 375 1698 452 1749; x_wconf 91' lang='lat' dir='ltr'>tunc</span> <span class='ocrx_word' id='word_1_59' title='bbox 483 1689 670 1750; x_wconf 90' lang='lat' dir='ltr'>necessaria</span> <span class='ocrx_word' id='word_1_60' title='bbox 704 1689 815 1750; x_wconf 91' lang='lat' dir='ltr'>unctio</span> <span class='ocrx_word' id='word_1_61' title='bbox 846 1699 969 1764; x_wconf 91' lang='lat' dir='ltr'>vestra,</span> 
     </span>
     <span class='ocr_line' id='line_1_14' title="bbox 211 1784 968 1864; baseline 0.001 -19"><span class='ocrx_word' id='word_1_62' title='bbox 211 1784 286 1861; x_wconf 91' lang='lat' dir='ltr'>quia</span> <span class='ocrx_word' id='word_1_63' title='bbox 308 1801 524 1861; x_wconf 88' lang='lat' dir='ltr'>resurgensa</span> <span class='ocrx_word' id='word_1_64' title='bbox 553 1797 657 1848; x_wconf 91' lang='lat' dir='ltr'>morte</span> <span class='ocrx_word' id='word_1_65' title='bbox 689 1787 721 1847; x_wconf 92' lang='lat' dir='ltr'>in</span> <span class='ocrx_word' id='word_1_66' title='bbox 754 1805 882 1848; x_wconf 89' lang='lat' dir='ltr'>summa</span> <span class='ocrx_word' id='word_1_67' title='bbox 911 1805 968 1864; x_wconf 94' lang='lat' dir='ltr'>ap-</span> 
     </span>
     <span class='ocr_line' id='line_1_15' title="bbox 210 1883 969 1960; baseline 0.003 -17"><span class='ocrx_word' id='word_1_68' title='bbox 210 1883 335 1960; x_wconf 88' lang='lat' dir='ltr'>parebit</span> <span class='ocrx_word' id='word_1_69' title='bbox 356 1884 467 1960; x_wconf 86' lang='lat' dir='ltr'>gloria.</span> <span class='ocrx_word' id='word_1_70' title='bbox 509 1884 677 1945; x_wconf 91' lang='lat' dir='ltr'>Vestietur</span> <span class='ocrx_word' id='word_1_71' title='bbox 698 1885 785 1945; x_wconf 90' lang='lat' dir='ltr'>enirn</span> <span class='ocrx_word' id='word_1_72' title='bbox 801 1886 969 1945; x_wconf 90' lang='lat' dir='ltr'>immorta-</span> 
     </span>
     <span class='ocr_line' id='line_1_16' title="bbox 177 1980 970 2058; baseline 0.009 -22"><span class='ocrx_word' id='word_1_73' title='bbox 177 1980 310 2039; x_wconf 80' lang='lat' dir='ltr'>utitatis</span> <span class='ocrx_word' id='word_1_74' title='bbox 332 1980 424 2055; x_wconf 92' lang='lat' dir='ltr'>stola,</span> <span class='ocrx_word' id='word_1_75' title='bbox 446 1990 478 2041; x_wconf 91' lang='lat' dir='ltr'>et</span> <span class='ocrx_word' id='word_1_76' title='bbox 499 1999 588 2041; x_wconf 89' lang='lat' dir='ltr'>mors</span> <span class='ocrx_word' id='word_1_77' title='bbox 610 1981 640 2042; x_wconf 93' lang='lat' dir='ltr'>ei</span> <span class='ocrx_word' id='word_1_78' title='bbox 664 1983 748 2042; x_wconf 89' lang='lat' dir='ltr'>ultra</span> <span class='ocrx_word' id='word_1_79' title='bbox 766 1998 831 2041; x_wconf 91' lang='lat' dir='ltr'>non</span> <span class='ocrx_word' id='word_1_80' title='bbox 847 1983 970 2058; x_wconf 91' lang='lat' dir='ltr'>poterit</span> 
     </span>
     <span class='ocr_line' id='line_1_17' title="bbox 210 2076 380 2137; baseline 0 -1"><span class='ocrx_word' id='word_1_81' title='bbox 210 2076 380 2137; x_wconf 88' lang='lat' dir='ltr'>dominari.</span> 
     </span>
    </p>

    <p class='ocr_par' dir='ltr' id='par_1_3' title="bbox 211 2173 970 2450">
     <span class='ocr_line' id='line_1_18' title="bbox 252 2173 970 2254; baseline 0.011 -22"><span class='ocrx_word' id='word_1_82' title='bbox 252 2173 351 2234; x_wconf 91' lang='lat' dir='ltr'>Disce</span> <span class='ocrx_word' id='word_1_83' title='bbox 374 2183 405 2234; x_wconf 90' lang='lat' dir='ltr'>et</span> <span class='ocrx_word' id='word_1_84' title='bbox 428 2185 460 2236; x_wconf 96' lang='lat' dir='ltr'>tu</span> <span class='ocrx_word' id='word_1_85' title='bbox 485 2175 517 2236; x_wconf 91' lang='lat' dir='ltr'>in</span> <span class='ocrx_word' id='word_1_86' title='bbox 533 2177 701 2254; x_wconf 89' lang='lat' dir='ltr'>sepultura</span> <span class='ocrx_word' id='word_1_87' title='bbox 716 2178 790 2238; x_wconf 90' lang='lat' dir='ltr'>Iesu</span> <span class='ocrx_word' id='word_1_88' title='bbox 807 2179 847 2238; x_wconf 88' lang='lat' dir='ltr'>de</span> <span class='ocrx_word' id='word_1_89' title='bbox 862 2179 970 2240; x_wconf 91' lang='lat' dir='ltr'>disso-</span> 
     </span>
     <span class='ocr_line' id='line_1_19' title="bbox 211 2270 969 2352; baseline 0.008 -22"><span class='ocrx_word' id='word_1_90' title='bbox 211 2270 334 2333; x_wconf 92' lang='lat' dir='ltr'>lutione</span> <span class='ocrx_word' id='word_1_91' title='bbox 364 2274 509 2351; x_wconf 91' lang='lat' dir='ltr'>corporis</span> <span class='ocrx_word' id='word_1_92' title='bbox 538 2275 584 2335; x_wconf 93' lang='lat' dir='ltr'>tui</span> <span class='ocrx_word' id='word_1_93' title='bbox 614 2276 781 2336; x_wconf 84' lang='lat' dir='ltr'>fructuose</span> <span class='ocrx_word' id='word_1_94' title='bbox 809 2293 969 2352; x_wconf 84' lang='lat' dir='ltr'>pensare:</span> 
     </span>
     <span class='ocr_line' id='line_1_20' title="bbox 211 2369 970 2450; baseline 0.007 -21"><span class='ocrx_word' id='word_1_95' title='bbox 211 2369 358 2431; x_wconf 87' lang='lat' dir='ltr'>Necesse</span> <span class='ocrx_word' id='word_1_96' title='bbox 381 2381 431 2432; x_wconf 90' lang='lat' dir='ltr'>est</span> <span class='ocrx_word' id='word_1_97' title='bbox 446 2381 551 2433; x_wconf 91' lang='lat' dir='ltr'>terrae</span> <span class='ocrx_word' id='word_1_98' title='bbox 568 2373 801 2450; x_wconf 89' lang='lat' dir='ltr'>commendari,</span> <span class='ocrx_word' id='word_1_99' title='bbox 822 2376 909 2450; x_wconf 92' lang='lat' dir='ltr'>quod</span> <span class='ocrx_word' id='word_1_100' title='bbox 926 2375 970 2435; x_wconf 91' lang='lat' dir='ltr'>de</span> 
     </span>
    </p>

    <p class='ocr_par' dir='ltr' id='par_1_4' title="bbox 174 2471 974 3523">
     <span class='ocr_line' id='line_1_21' title="bbox 174 2471 968 2548; baseline 0.01 -22"><span class='ocrx_word' id='word_1_101' title='bbox 174 2478 296 2529; x_wconf 80' lang='lat' dir='ltr'>aeterra</span> <span class='ocrx_word' id='word_1_102' title='bbox 318 2471 490 2548; x_wconf 84' lang='lat' dir='ltr'>accepisti3</span> <span class='ocrx_word' id='word_1_103' title='bbox 513 2472 621 2547; x_wconf 92' lang='lat' dir='ltr'>pulvis</span> <span class='ocrx_word' id='word_1_104' title='bbox 641 2489 677 2532; x_wconf 92' lang='lat' dir='ltr'>es</span> <span class='ocrx_word' id='word_1_105' title='bbox 699 2481 731 2532; x_wconf 94' lang='lat' dir='ltr'>et</span> <span class='ocrx_word' id='word_1_106' title='bbox 747 2472 779 2532; x_wconf 94' lang='lat' dir='ltr'>in</span> <span class='ocrx_word' id='word_1_107' title='bbox 795 2473 968 2548; x_wconf 89' lang='lat' dir='ltr'>pulverem</span> 
     </span>
     <span class='ocr_line' id='line_1_22' title="bbox 210 2567 970 2647; baseline 0.007 -22"><span class='ocrx_word' id='word_1_108' title='bbox 210 2567 396 2628; x_wconf 90' lang='lat' dir='ltr'>reverteris.</span> <span class='ocrx_word' id='word_1_109' title='bbox 456 2570 550 2630; x_wconf 90' lang='lat' dir='ltr'>Vnde</span> <span class='ocrx_word' id='word_1_110' title='bbox 585 2587 662 2647; x_wconf 86' lang='lat' dir='ltr'>ergo</span> <span class='ocrx_word' id='word_1_111' title='bbox 698 2569 848 2646; x_wconf 87' lang='lat' dir='ltr'>superbis</span> <span class='ocrx_word' id='word_1_112' title='bbox 891 2587 970 2630; x_wconf 87' lang='lat' dir='ltr'>mox</span> 
     </span>
     <span class='ocr_line' id='line_1_23' title="bbox 210 2666 971 2744; baseline 0.007 -21"><span class='ocrx_word' id='word_1_113' title='bbox 210 2666 348 2740; x_wconf 92' lang='lat' dir='ltr'>putredo</span> <span class='ocrx_word' id='word_1_114' title='bbox 379 2666 508 2727; x_wconf 84' lang='lat' dir='ltr'>futurus</span> <span class='ocrx_word' id='word_1_115' title='bbox 540 2668 706 2744; x_wconf 90' lang='lat' dir='ltr'>humoque</span> <span class='ocrx_word' id='word_1_116' title='bbox 741 2667 971 2744; x_wconf 77' lang='lat' dir='ltr'>operiendus?</span> 
     </span>
     <span class='ocr_line' id='line_1_24' title="bbox 211 2761 970 2842; baseline 0.008 -22"><span class='ocrx_word' id='word_1_117' title='bbox 211 2761 300 2838; x_wconf 92' lang='lat' dir='ltr'>Quid</span> <span class='ocrx_word' id='word_1_118' title='bbox 322 2762 355 2822; x_wconf 92' lang='lat' dir='ltr'>in</span> <span class='ocrx_word' id='word_1_119' title='bbox 377 2765 499 2826; x_wconf 91' lang='lat' dir='ltr'>mundo</span> <span class='ocrx_word' id='word_1_120' title='bbox 522 2764 730 2841; x_wconf 89' lang='lat' dir='ltr'>concupiscis</span> <span class='ocrx_word' id='word_1_121' title='bbox 752 2766 816 2826; x_wconf 90' lang='lat' dir='ltr'>cito</span> <span class='ocrx_word' id='word_1_122' title='bbox 839 2766 878 2826; x_wconf 85' lang='lat' dir='ltr'>ab</span> <span class='ocrx_word' id='word_1_123' title='bbox 894 2765 970 2842; x_wconf 91' lang='lat' dir='ltr'>ipso</span> 
     </span>
     <span class='ocr_line' id='line_1_25' title="bbox 211 2859 971 2939; baseline 0.007 -22"><span class='ocrx_word' id='word_1_124' title='bbox 211 2859 424 2934; x_wconf 89' lang='lat' dir='ltr'>expellendus</span> <span class='ocrx_word' id='word_1_125' title='bbox 456 2870 488 2921; x_wconf 89' lang='lat' dir='ltr'>et</span> <span class='ocrx_word' id='word_1_126' title='bbox 518 2861 688 2922; x_wconf 90' lang='lat' dir='ltr'>bominum</span> <span class='ocrx_word' id='word_1_127' title='bbox 720 2861 859 2939; x_wconf 91' lang='lat' dir='ltr'>pedibus</span> <span class='ocrx_word' id='word_1_128' title='bbox 891 2879 971 2922; x_wconf 93' lang='lat' dir='ltr'>con·</span> 
     </span>
     <span class='ocr_line' id='line_1_26' title="bbox 174 2957 972 3036; baseline 0.008 -22"><span class='ocrx_word' id='word_1_129' title='bbox 174 2957 416 3016; x_wconf 77' lang='lat' dir='ltr'>asculcandus?</span> <span class='ocrx_word' id='word_1_130' title='bbox 472 2958 624 3019; x_wconf 92' lang='lat' dir='ltr'>Cernens</span> <span class='ocrx_word' id='word_1_131' title='bbox 660 2958 758 3036; x_wconf 88' lang='lat' dir='ltr'>igitur</span> <span class='ocrx_word' id='word_1_132' title='bbox 792 2959 972 3035; x_wconf 89' lang='lat' dir='ltr'>sepulchra</span> 
     </span>
     <span class='ocr_line' id='line_1_27' title="bbox 210 3056 970 3132; baseline 0.009 -21"><span class='ocrx_word' id='word_1_133' title='bbox 210 3062 412 3113; x_wconf 90' lang='lat' dir='ltr'>mortuorum</span> <span class='ocrx_word' id='word_1_134' title='bbox 435 3065 600 3115; x_wconf 89' lang='lat' dir='ltr'>memento</span> <span class='ocrx_word' id='word_1_135' title='bbox 623 3064 654 3115; x_wconf 93' lang='lat' dir='ltr'>te</span> <span class='ocrx_word' id='word_1_136' title='bbox 677 3056 742 3116; x_wconf 92' lang='lat' dir='ltr'>illis</span> <span class='ocrx_word' id='word_1_137' title='bbox 764 3056 797 3116; x_wconf 92' lang='lat' dir='ltr'>in</span> <span class='ocrx_word' id='word_1_138' title='bbox 818 3057 970 3132; x_wconf 85' lang='lat' dir='ltr'>proximo</span> 
     </span>
     <span class='ocr_line' id='line_1_28' title="bbox 211 3151 972 3229; baseline 0.007 -18"><span class='ocrx_word' id='word_1_139' title='bbox 211 3152 411 3213; x_wconf 90' lang='lat' dir='ltr'>sociandum.</span> <span class='ocrx_word' id='word_1_140' title='bbox 468 3151 514 3212; x_wconf 88' lang='lat' dir='ltr'>lbi</span> <span class='ocrx_word' id='word_1_141' title='bbox 551 3152 671 3229; x_wconf 90' lang='lat' dir='ltr'>quippe</span> <span class='ocrx_word' id='word_1_142' title='bbox 706 3154 882 3214; x_wconf 90' lang='lat' dir='ltr'>constituta</span> <span class='ocrx_word' id='word_1_143' title='bbox 918 3165 972 3216; x_wconf 90' lang='lat' dir='ltr'>est</span> 
     </span>
     <span class='ocr_line' id='line_1_29' title="bbox 211 3249 973 3329; baseline 0.004 -20"><span class='ocrx_word' id='word_1_144' title='bbox 211 3249 328 3310; x_wconf 89' lang='lat' dir='ltr'>domus</span> <span class='ocrx_word' id='word_1_145' title='bbox 349 3251 438 3310; x_wconf 90' lang='lat' dir='ltr'>omni</span> <span class='ocrx_word' id='word_1_146' title='bbox 454 3249 587 3310; x_wconf 91' lang='lat' dir='ltr'>viventi.</span> <span class='ocrx_word' id='word_1_147' title='bbox 617 3250 663 3310; x_wconf 93' lang='lat' dir='ltr'>lbi</span> <span class='ocrx_word' id='word_1_148' title='bbox 683 3251 775 3312; x_wconf 91' lang='lat' dir='ltr'>dives</span> <span class='ocrx_word' id='word_1_149' title='bbox 797 3261 829 3311; x_wconf 88' lang='lat' dir='ltr'>et</span> <span class='ocrx_word' id='word_1_150' title='bbox 844 3269 973 3329; x_wconf 91' lang='lat' dir='ltr'>pauper</span> 
     </span>
     <span class='ocr_line' id='line_1_30' title="bbox 211 3344 972 3424; baseline 0.007 -19"><span class='ocrx_word' id='word_1_151' title='bbox 211 3344 362 3407; x_wconf 91' lang='lat' dir='ltr'>iacebunt</span> <span class='ocrx_word' id='word_1_152' title='bbox 377 3347 543 3407; x_wconf 91' lang='lat' dir='ltr'>communi</span> <span class='ocrx_word' id='word_1_153' title='bbox 559 3348 644 3408; x_wconf 92' lang='lat' dir='ltr'>lecto</span> <span class='ocrx_word' id='word_1_154' title='bbox 659 3349 822 3424; x_wconf 87' lang='lat' dir='ltr'>prostrati,</span> <span class='ocrx_word' id='word_1_155' title='bbox 837 3349 972 3411; x_wconf 89' lang='lat' dir='ltr'>modico</span> 
     </span>
     <span class='ocr_line' id='line_1_31' title="bbox 174 3445 974 3523; baseline 0.005 -19"><span class='ocrx_word' id='word_1_156' title='bbox 174 3445 315 3520; x_wconf 81' lang='lat' dir='ltr'>sospatio</span> <span class='ocrx_word' id='word_1_157' title='bbox 326 3454 431 3505; x_wconf 91' lang='lat' dir='ltr'>terrae</span> <span class='ocrx_word' id='word_1_158' title='bbox 442 3445 597 3506; x_wconf 90' lang='lat' dir='ltr'>contenti.</span> <span class='ocrx_word' id='word_1_159' title='bbox 628 3445 674 3506; x_wconf 94' lang='lat' dir='ltr'>lbi</span> <span class='ocrx_word' id='word_1_160' title='bbox 691 3446 811 3506; x_wconf 92' lang='lat' dir='ltr'>nobilis</span> <span class='ocrx_word' id='word_1_161' title='bbox 825 3447 864 3506; x_wconf 92' lang='lat' dir='ltr'>ab</span> <span class='ocrx_word' id='word_1_162' title='bbox 878 3446 974 3523; x_wconf 84' lang='lat' dir='ltr'>igno-</span> 
     </span>
    </p>
   </div>
   <div class='ocr_carea' id='block_1_3' title="bbox 211 3542 974 3690">
    <p class='ocr_par' dir='ltr' id='par_1_5' title="bbox 211 3542 974 3690">
     <span class='ocr_line' id='line_1_32' title="bbox 211 3542 974 3618; baseline 0.005 -17"><span class='ocrx_word' id='word_1_163' title='bbox 211 3543 266 3602; x_wconf 91' lang='lat' dir='ltr'>bili</span> <span class='ocrx_word' id='word_1_164' title='bbox 303 3560 368 3602; x_wconf 94' lang='lat' dir='ltr'>non</span> <span class='ocrx_word' id='word_1_165' title='bbox 400 3542 613 3618; x_wconf 90' lang='lat' dir='ltr'>discernitur,</span> <span class='ocrx_word' id='word_1_166' title='bbox 648 3561 710 3604; x_wconf 90' lang='lat' dir='ltr'>nec</span> <span class='ocrx_word' id='word_1_167' title='bbox 742 3544 918 3604; x_wconf 90' lang='lat' dir='ltr'>imbecillis</span> <span class='ocrx_word' id='word_1_168' title='bbox 954 3564 974 3606; x_wconf 92' lang='lat' dir='ltr'>a</span> 
     </span>
     <span class='ocr_line' id='line_1_33' title="bbox 569 3649 611 3690; baseline 0 0"><span class='ocrx_word' id='word_1_169' title='bbox 569 3649 611 3690; x_wconf 87' lang='lat'>212</span> 
     </span>
    </p>
   </div>
   <div class='ocr_carea' id='block_1_4' title="bbox 0 0 1103 4180">
    <p class='ocr_par' dir='ltr' id='par_1_6' title="bbox 0 0 1103 4180">
     <span class='ocr_line' id='line_1_34' title="bbox 0 0 1103 4180; baseline 0 0"><span class='ocrx_word' id='word_1_170' title='bbox 0 0 1103 4180; x_wconf 95' lang='lat' dir='ltr'> </span> 
     </span>
    </p>
   </div>
  </div>
 </body>
</html>
