2144 4168
397 483 563 540 Epilegomena.

99 634 217 712 viginti
239 646 425 697 numeratas
453 646 485 696 et
507 637 706 714 praecedunt
728 646 760 697 et
781 638 856 697 sub·

99 725 286 793 sequuntur
326 733 425 777 senae
468 717 571 778 denae
606 718 750 794 pagellae
790 735 855 778 non

99 805 301 871 numeratae,
323 797 363 857 de
378 815 515 874 quarum
537 798 757 858 addendarum
780 815 856 858 con·

99 877 176 937 silio
207 896 237 953 p.
260 879 301 937 30
330 877 449 953 prioris
479 877 669 955 appendicis
699 880 781 938 haec
811 879 856 938 le-

97 967 236 1034 guntur:
274 958 469 1034 „Postquam
501 959 631 1019 libellus
662 958 724 1018 iste
756 958 854 1018 linem

98 1055 198 1098 suum
214 1048 264 1098 est
279 1039 413 1099 sortitus
428 1039 461 1098 in
477 1038 678 1099 orationibus
695 1039 736 1099 de
752 1039 854 1098 omni·

97 1120 163 1178 bus
177 1119 309 1179 sanctis.
331 1119 385 1196 qui
402 1129 435 1179 et
449 1119 578 1179 initium
594 1119 699 1196 primo
715 1118 855 1194 sumpsit

97 1216 118 1258 a
150 1198 359 1259 confessione
389 1199 533 1275 generali
565 1209 598 1259 vt
628 1200 736 1259 tabula
767 1199 856 1276 prior

97 1288 132 1339 et
167 1297 326 1340 numerus
362 1279 514 1340 foliorum
550 1297 609 1356 per
643 1289 746 1340 totum
782 1279 855 1340 eius

96 1377 292 1436 processum
315 1360 489 1421 declarant.
511 1360 631 1436 placuit
652 1360 853 1437 compilatori

97 1440 248 1500 eiusdem
291 1440 392 1500 libelli
434 1441 591 1501 nonnulla
625 1441 854 1516 superaddere.

97 1538 164 1597 que
186 1521 392 1596 postmodum
411 1538 527 1581 manus
549 1520 621 1582 eius
640 1521 855 1597 inciderunt‘,
933 1555 935 1558 ·

97 1601 219 1677 quibus
247 1602 368 1662 ibidem
398 1620 427 1679 p.
448 1605 484 1662 31
517 1601 730 1661 summarium
762 1619 854 1678 argu·

97 1682 201 1741 menti
217 1682 408 1759 posterioris
423 1681 613 1759 appendicis
628 1682 755 1742 subicit.
781 1683 854 1742 Hoc

96 1771 207 1822 autem
230 1780 260 1839 p.
286 1763 366 1822 lita
394 1763 523 1838 incipit:
555 1762 763 1838 „Sequuntur
784 1779 854 1822 ora-

96 1841 213 1902 ciones
248 1861 307 1903 seu
344 1842 676 1919 conlitemplationes
714 1844 852 1902 multum

96 1923 218 1983 deuote
240 1928 251 1995 ll
273 1941 347 1983 cum
378 1923 559 2000 graciarum
591 1922 784 1983 actionibus.
813 1923 853 1983 de

96 2003 187 2063 omni
204 2008 215 2075 ll
230 2005 292 2064 bus
320 2004 491 2078 beneficiis
519 2021 538 2062 a
565 2003 627 2064 deo
656 2005 768 2063 huma·
783 2008 794 2074 ll
810 2021 852 2063 no

95 2084 209 2160 generi
232 2084 392 2160 impensis
414 2093 446 2144 et
470 2083 656 2160 specialiter
670 2089 681 2156 ll
696 2083 730 2143 in
753 2100 851 2158 opere

96 2173 210 2224 nostre
239 2165 474 2240 redemptionis
503 2164 536 2224 in
559 2169 570 2236 ll
593 2164 791 2224 carnationis
820 2173 852 2223 et

95 2245 261 2320 passionis
276 2245 400 2306 christi.
416 2251 427 2318 ll
444 2245 481 2304 Et
492 2244 597 2321 primo
608 2244 851 2320 ponituroratio

96 2325 241 2384 excitati·
256 2330 267 2397 ll
283 2343 324 2384 ua
346 2327 488 2385 humane
517 2325 637 2384 mentis
659 2324 699 2384 ad
721 2324 851 2384 laudan-

96 2406 175 2465 dum
184 2405 290 2466 deum.
306 2410 318 2478 ll
334 2405 475 2465 Domine
484 2405 565 2465 deus
576 2422 670 2464 meus
680 2405 775 2464 lauda
789 2410 800 2477 ll
817 2421 851 2463 re

95 2495 129 2545 te
161 2486 321 2546 desidero.
353 2485 429 2563 quia
463 2485 502 2544 ad
534 2486 587 2545 lau
611 2491 622 2557 ll
646 2485 788 2545 dandum
819 2494 851 2544 te

96 2576 242 2626 creatum
265 2584 318 2626 me
341 2570 500 2642 agnosco“
525 2575 557 2625 et
574 2584 604 2642 p.
619 2569 660 2624 28
674 2565 726 2626 his
742 2565 851 2625 verbis

96 2646 225 2707 linitur:
243 2647 400 2723 „Explicit
415 2655 502 2706 totus
517 2663 693 2722 processus
704 2646 744 2705 de
760 2651 771 2717 ll
786 2645 852 2705 vita

95 2727 251 2804 passione
287 2727 528 2787 resurrectione
566 2735 598 2786 et
621 2731 633 2798 ll
657 2725 850 2786 ascensione

96 2807 220 2867 domini
243 2807 346 2868 nostri
370 2808 445 2867 iesu
468 2806 582 2866 christi
602 2811 613 2877 ll
635 2823 765 2866 necnon
787 2806 851 2883 spi·

95 2888 180 2948 ritus
202 2889 304 2948 sancti
327 2885 522 2956 missiollne.
544 2886 762 2963 omnibusque
778 2887 851 2962 alijs

94 2967 204 3028 beneli
220 2973 231 3040 ll
248 2968 308 3043 cijs
330 2967 454 3028 homini
478 2985 496 3026 a
518 2967 578 3027 deo
601 2967 736 3027 collatis.
757 2972 768 3039 ll
790 2968 851 3027 Re·

95 3049 336 3109 commendatio
367 3049 430 3108 iam
463 3047 538 3107 dicti
570 3065 628 3122 pro
644 3051 655 3119 ll
672 3064 786 3107 cessus
817 3047 849 3106 in

95 3146 162 3205 quo
193 3138 359 3204 ponuntur
388 3128 543 3189 vtilitates
567 3133 578 3197 ll
603 3145 684 3204 quas
715 3127 851 3204 quilibet

95 3209 310 3286 consequitur
332 3226 372 3269 ex
386 3214 398 3281 ll
414 3209 531 3268 deuota
553 3207 763 3267 meditatione
785 3208 851 3268 vite

95 3299 128 3349 et
150 3307 208 3365 pas
224 3294 235 3361 ll
251 3289 354 3349 sionis
376 3288 499 3349 domini
519 3287 622 3348 nostri
639 3287 710 3348 iesu
727 3288 850 3348 christi.

96 3368 109 3440 Η
124 3369 162 3430 Sl
172 3370 339 3430 desideras
348 3367 613 3446 perfectemun-ll
623 3368 689 3428 dari
700 3368 848 3444 avicijs.“

157 3469 207 3533 tJ'·
240 3468 326 3540 Hain
356 3470 445 3526 8533.
494 3467 526 3525 F.
552 3471 618 3525 la:
653 3465 850 3525 Exercitium

94 3547 260 3608 dominice
282 3566 340 3624 pas
355 3553 366 3620 ll
382 3546 486 3607 sionis
501 3546 681 3606 secundum
696 3546 851 3605 articulos
