2144 4168
510 496 674 552 Epilegomem.

220 651 318 709 16151
339 647 537 725 Antverpiae
568 646 703 724 prodiit,
734 646 912 707 Orationes
944 654 976 706 et

218 727 451 788 Meditationes
469 728 620 789 omisisse
636 727 723 802 dicit,
744 728 846 787 verbo
862 727 977 786 minus

218 809 389 868 commodo
419 827 499 870 usus
528 817 586 869 est.
629 807 782 868 Omissae
804 807 880 867 illae
901 807 977 884 qui-

218 889 291 949 dem
307 897 393 964 sunt,
415 890 473 950 sed
489 899 597 950 utrum
613 888 739 948 sciente
755 897 787 948 et
802 889 974 964 probante,

218 987 258 1029 an
274 969 378 1030 inscio
394 979 426 1030 et
441 970 542 1030 invito
559 967 747 1043 Sommalio,
762 985 973 1045 nequaquam

218 1059 353 1110 constat.
389 1050 472 1110 Nam
495 1050 528 1109 in
550 1048 750 1126 praefatione
774 1048 975 1108 Sommalius

219 1131 258 1190 de
281 1147 319 1190 ea
340 1147 376 1190 re
397 1147 533 1206 prorsus
554 1129 636 1190 nihil
658 1129 745 1190 dicit.
781 1128 975 1190 Verisimile
1047 1123 1048 1142 ¹

218 1219 325 1270 autem
349 1220 399 1271 est
418 1228 493 1271 eum
509 1226 704 1287 quamquam
720 1219 788 1270 turn
804 1209 869 1269 iam
886 1219 975 1269 octo-

218 1290 406 1367 genarium,
441 1300 473 1351 at
507 1289 628 1367 ingenii
665 1290 777 1366 vigore
807 1291 974 1350 valentem

220 1370 406 1447 maioraque
428 1371 617 1431 molientem
630 1375 641 1408 ²
658 1370 789 1430 librario
804 1370 973 1447 negotium

219 1451 307 1511 illius
323 1451 476 1512 editionis
491 1451 653 1512 curandae
668 1450 871 1526 permisisse,
886 1450 974 1527 quod
1047 1445 1048 1502 ἶ

219 1540 251 1591 et
276 1548 315 1591 eo
337 1531 564 1607 confirmatur,
593 1531 679 1608 quod
708 1531 741 1590 in
770 1531 975 1606 praefatione

220 1611 372 1672 editionis
408 1612 572 1672 secundae
608 1629 637 1688 p.
669 1615 690 1671 8
724 1613 806 1671 haec
843 1610 974 1671 scribit:

221 1689 317 1763 „Tam
335 1709 433 1768 saepe
449 1694 647 1768 autographa
657 1691 734 1767 vidi,
745 1691 819 1768 legi,
835 1691 975 1766 reuolui,
1047 1703 1048 1710 ¹

220 1781 251 1831 et
281 1789 354 1831 curn
383 1772 483 1848 priori
508 1772 651 1833 editione
672 1781 737 1832 tam
760 1772 876 1832 sedulo
899 1788 975 1831 con·

219 1851 295 1912 tuli:
317 1852 398 1912 adeo
418 1862 452 1913 vt
473 1869 602 1928 sperem
625 1869 677 1912 me
700 1852 828 1912 adeam
847 1851 975 1928 perlec-

220 1933 342 1992 tionem
365 1933 498 1993 omnino
521 1931 764 2008 castigationem
788 1932 975 2007 adduxisse,

220 2021 254 2072 vt
278 2012 394 2073 merito
416 2013 524 2073 animo
546 2012 782 2089 conquiescere
806 2013 975 2088 debeam“,

221 2102 252 2152 et
273 2093 440 2153 nonnullis
462 2093 615 2154 editionis
643 2093 758 2153 tertiae
780 2093 975 2153 socordibus

221 2173 445 2249 neglegentiis,
465 2190 546 2250 quas
562 2173 785 2248 Sommalium,
804 2173 973 2234 hominem

220 2253 506 2330 diligentissimum
522 2253 824 2330 doctissimumque,
839 2253 975 2314 commi·

220 2333 305 2393 sisse
320 2333 375 2394 vix
397 2334 575 2394 credideris
588 2338 606 2394 ³.
637 2332 746 2410 Atque
766 2351 895 2408 causae,
917 2351 976 2394 cur

221 2414 372 2474 librarius
394 2414 473 2474 illud
496 2431 579 2490 opus
600 2413 758 2488 omiserit,
786 2415 974 2490 complures

222 2494 396 2570 excogitari
412 2503 444 2554 et
465 2503 603 2570 possunt
618 2503 650 2554 et
665 2504 742 2554 sunt
756 2494 974 2571 excogitatae,

222 2573 303 2634 mihi
326 2573 458 2651 quidem
480 2591 579 2650 saepe
601 2575 805 2651 multumque
828 2575 868 2634 de
885 2592 924 2635 ea
938 2592 972 2634 re

221 2654 412 2715 deliberanti
444 2671 531 2715 nunc
562 2657 642 2715 haec
673 2654 813 2714 maxime
832 2655 975 2715 .videtur

221 2734 397 2810 probabilis
419 2751 510 2810 esse,
535 2744 569 2794 ut
591 2734 775 2810 librarium,
797 2752 861 2811 quo
884 2752 974 2811 para·
1047 2777 1048 2814 ἦ

222 2815 371 2875 biliorem
402 2814 523 2875 iaceret
551 2815 744 2890 editionem,
773 2832 842 2875 rem
864 2816 973 2892 egisse
1047 2843 1048 2892 p

222 2905 418 2970 statuamus,
440 2896 525 2972 quod
548 2895 701 2955 nimirum
724 2895 815 2955 illum
839 2913 878 2956 eo
900 2914 974 2973 pru·
1047 2919 1048 2954 l

222 2975 353 3036 dentius
382 2975 490 3035 facere
515 2975 576 3035 sibi
599 2975 706 3035 visum
729 2993 804 3036 esse
826 2977 974 3056 arbitror,

222 3056 308 3133 quod
331 3055 507 3117 Orationes
536 3064 568 3115 et
591 3055 823 3116 Meditationes
855 3057 973 3117 similis

222 3136 403 3213 argumenti
426 3145 522 3213 atque
544 3135 691 3196 eiusdem
707 3136 849 3196 auctoris
867 3137 973 3209 „Con-

223 3217 335 3277 ciones
357 3225 389 3276 et
404 3216 635 3277 Meditationes
654 3216 784 3293 triginta
799 3234 857 3277 sex
873 3217 973 3278 vtilis-

282 3418 359 3460 ¹Ante
380 3426 480 3472 quartam
500 3431 557 3461 anno
578 3419 630 3461 1625
649 3419 718 3462 Duacl
738 3419 819 3461 editum
835 3417 972 3463 Sommalius
1047 3445 1048 3450 =

221 3485 279 3514 anno
296 3473 347 3514 1619
361 3480 463 3514 mortuus
478 3481 531 3515 erat.

281 3525 433 3566 ¹Zeitscbriit
447 3525 483 3568 rur
498 3526 557 3568 karb.
573 3524 650 3568 Theoi·
666 3527 681 3568 l.
697 3527 712 3568 l,
728 3537 749 3578 p.
764 3526 812 3568 sot.

282 3580 292 3607 ⁸
305 3577 360 3619 Vide
376 3577 453 3630 Progr.
468 3591 570 3632 gymnas.
587 3579 666 3631 Kemp.
684 3580 735 3622 1895
748 3591 770 3632 p.
786 3578 824 3620 XX
834 3593 870 3634 sq.

575 3667 617 3710 w
672 3671 675 3677 ,
