2142 4172
450 432 452 435 ’
516 424 517 429 ἵ
534 457 595 510 11,r,
608 395 962 509 roffi

210 590 345 652 sentasti
374 599 407 651 et
434 598 547 650 sancto
567 588 593 649 T
595 590 712 650 homae
738 582 884 665 apostolo
910 589 971 649 du·
1051 619 1052 622 ¹

210 687 323 749 bitanti
345 687 384 747 ad
405 687 601 764 palpandum
625 686 765 763 benigne
789 694 822 746 et
843 684 971 746 certive

210 784 388 863 praebuisti
417 793 449 844 et
476 783 510 844 in
540 783 603 845 lide
632 783 778 845 solidasti
806 792 903 860 atque
934 782 969 842 in

210 883 339 960 signum
362 890 538 959 perpetuae
553 882 738 943 dilectionis
753 892 827 942 tuae
847 881 887 941 ad
909 898 970 946 eos

174 1004 188 1044 5
211 991 243 1041 et
265 981 303 1041 ad
319 997 434 1040 omnes
450 979 563 1041 fideles
585 989 660 1040 tuos
681 998 740 1058 per
753 989 855 1041 totum
874 997 970 1039 mun·

211 1080 288 1140 dum
316 1077 373 1139 tibi
403 1077 539 1137 devotos
568 1078 648 1138 haec
676 1076 817 1138 nuntiari
850 1085 882 1137 et
913 1077 970 1137 de·

211 1175 325 1236 clarari
357 1173 506 1249 voluisti,
542 1183 577 1234 ut
607 1183 638 1234 te
674 1174 788 1235 intime
822 1182 970 1234 amarent

212 1283 244 1335 et
278 1272 488 1350 gratificando
523 1290 541 1332 a
575 1274 671 1334 laude
699 1281 754 1334 tua
788 1289 968 1351 numquam

212 1380 389 1432 cessarent.

178 1493 202 1535 ιο
254 1469 395 1547 Dignum
418 1487 495 1548 ergo
517 1478 567 1531 est
593 1477 626 1530 et
644 1469 724 1529 utile
746 1469 825 1530 mihi
849 1469 969 1530 cotidie

213 1567 391 1644 recogitare
422 1568 597 1628 maximum
630 1584 774 1628 amorem
805 1576 897 1627 tuum
929 1565 968 1625 ad

213 1681 283 1740 me,
312 1673 364 1740 ut,
385 1665 471 1725 sicut
492 1673 699 1725 sacrosancta
720 1666 801 1725 haec
823 1663 970 1741 quinque

212 1763 348 1822 vulnera
370 1771 424 1823 tua
444 1771 671 1823 remanserunt
686 1762 719 1822 in
734 1762 877 1840 glorioso
899 1778 969 1821 cor-

212 1876 292 1936 pore
313 1868 369 1920 tuo
397 1860 490 1937 quasi
512 1877 597 1920 nova
620 1868 653 1920 et
675 1859 863 1921 indelebilia
884 1861 968 1921 scuti

178 1975 203 2016 15
214 1957 373 2017 foramina
395 1957 501 2018 lucida
522 1957 620 2017 nimis
636 1974 736 2034 super
756 1958 866 2018 omnia
887 1957 968 2018 caeli

213 2055 330 2130 sidera,
353 2054 398 2114 ita
419 2054 515 2115 etiam
539 2054 601 2115 lixa
623 2064 775 2115 maneant
796 2055 915 2132 iugiter
935 2056 968 2116 in

213 2153 371 2213 memoria
401 2170 474 2213 mea
505 2163 537 2213 et
567 2153 600 2213 in
632 2153 784 2214 omnibus
818 2153 969 2215 fidelibus

213 2251 278 2312 tuis
293 2260 425 2328 propter
439 2252 689 2313 innumerabilia
704 2252 789 2312 bona
803 2252 879 2313 inde
896 2269 969 2329 pro·

213 2349 379 2410 venientia
400 2358 432 2410 et
453 2351 492 2411 ad
514 2351 599 2410 mala
618 2350 836 2426 propulsanda
856 2367 893 2410 ac
915 2351 968 2410 de-

176 2465 203 2506 no
213 2447 309 2507 lenda
330 2446 363 2507 in
386 2448 446 2507 hac
462 2447 527 2507 vita
541 2456 574 2508 et
588 2456 677 2508 certe
691 2456 824 2524 propter
838 2457 969 2509 aeterna
1051 2477 1052 2530 p

213 2545 345 2623 gaudia,
369 2562 388 2605 o
409 2545 463 2621 pie
485 2545 578 2622 lesu,
601 2555 709 2606 tecum
733 2545 873 2607 feliciter
894 2563 967 2606 con-

214 2643 391 2719 sequenda.

255 2741 350 2817 Laus,
372 2742 493 2817 honor,
514 2741 636 2817 virtus,
657 2741 759 2819 gloria
780 2751 813 2802 et
834 2741 967 2803 victoria
1051 2799 1052 2802 ,

214 2838 282 2913 tibi,
305 2837 456 2912 Domine,
479 2854 537 2913 pro
560 2837 662 2897 sacris
681 2838 873 2899 vulneribus
894 2838 967 2914 tuis,

178 2934 333 3012 2⁵quibus
354 2951 408 2995 me
430 2935 612 3011 redemisti,
636 2936 793 2996 mundum
815 2935 966 3013 purgasti,

214 3032 379 3094 infernum
402 3032 566 3108 spoliasti,
594 3032 779 3109 paradisum
803 3033 967 3110 aperuisti,
1051 3065 1052 3082 κ

214 3130 340 3192 caelum
362 3129 552 3190 illuminasti
575 3138 608 3190 et
625 3130 758 3207 angelos
779 3130 966 3191 laetificasti.

215 3227 254 3288 Et
281 3238 316 3288 ut
344 3227 501 3287 miserum
531 3228 570 3288 ad
598 3237 630 3288 te
658 3229 806 3288 traheres
828 3236 860 3288 et
883 3227 965 3288 Patri

215 3323 445 3384 reconciliares
459 3333 491 3383 et
505 3323 586 3384 iram
602 3324 674 3384 eius
690 3324 850 3400 llectereS,
872 3323 964 3384 etiam

177 3444 205 3484 ao
215 3422 248 3481 in
264 3421 389 3482 caelum
405 3421 588 3482 ascendens
604 3423 684 3482 haec
700 3430 811 3482 sancta
821 3421 965 3499 stigmata

214 3517 353 3578 servasti
375 3527 408 3577 et
429 3518 468 3577 ad
489 3518 713 3580 miserendum
737 3536 868 3595 semper
888 3519 963 3580 mihi

572 3624 613 3666 eoo

1045 11 1052 187 l
