2144 4168
427 505 593 560 Epilegomene.

128 657 232 727 eiius,
265 661 451 731 tamquam,
484 673 637 731 umquam
652 661 669 716 ¹.
720 657 823 717 Etiam
852 658 886 717 in

129 736 252 797 ceteris
281 753 353 796 eam
383 735 541 797 rationem
564 747 698 798 secutus
720 755 811 812 sum,
841 747 886 813 ut,

128 834 215 894 quae
228 817 324 877 bonis
340 816 508 876 codicibus
522 817 638 877 tradita
653 827 765 878 essent
775 835 885 894 quam·

129 897 182 958 vis
203 897 336 957 infimae
356 897 480 973 aetatis,
502 897 678 958 dummodo
693 915 735 957 ne
750 915 885 974 prorsus

128 978 266 1038 barbara
294 987 422 1052 essent,
453 977 527 1037 usui
559 978 724 1038 communi
753 995 805 1038 me
834 996 885 1038 ac·

129 1058 390 1133 commodarem,
418 1057 519 1117 veluti
548 1057 583 1117 in
610 1060 806 1135 affuturum,
834 1076 885 1117 as·

127 1139 267 1214 signare,
289 1138 380 1208 assit,
401 1143 603 1213 assumptus,
625 1139 686 1199 etsi
711 1138 884 1200 Ciceronis

127 1217 337 1301 Augustique
373 1227 476 1278 aetate
514 1219 613 1278 scribi
650 1218 782 1279 solitum
817 1237 883 1279 non

129 1316 205 1359 esse
221 1298 301 1373 scio,
320 1298 384 1358 nisi
400 1299 581 1374 adsignare,
595 1300 692 1370 adsit,
707 1300 883 1370 adsumere,

127 1389 227 1455 atque
248 1380 439 1455 affuturum,
460 1379 591 1455 affinis,
613 1381 728 1456 afferre
748 1397 806 1455 pro
827 1380 883 1439 ad·

121 1462 291 1537 futurum,
320 1459 456 1534 adfinis,
484 1459 610 1535 adferre
637 1468 729 1519 sexto
751 1460 881 1519 demum

127 1549 204 1616 post
232 1538 404 1600 Christum
434 1539 566 1598 saeculo
595 1539 629 1599 in
657 1557 754 1599 usum
781 1540 881 1616 recipi

129 1619 290 1696 coepisse.
312 1619 429 1694 Neque
443 1627 551 1678 tamen
568 1620 711 1679 animum
726 1620 882 1680 inducere

127 1701 230 1777 potui,
252 1708 287 1759 ut
308 1699 483 1759 verborum
506 1699 628 1758 formas
647 1699 791 1760 Thomae
813 1701 883 1776 qui·

128 1780 203 1840 dem
225 1779 288 1858 ipsi
310 1779 421 1854 tritaS,
450 1779 508 1838 sed
530 1779 696 1839 veteribus
718 1781 814 1856 plane
835 1781 883 1840 in·

128 1860 286 1936 cognitaS,
309 1860 423 1936 quales
445 1869 522 1919 sunt
541 1860 694 1934 genitrix,
717 1861 881 1936 negligere,

128 1941 305 2015 intelligere
326 1956 503 1999 servarem.
546 1939 697 2016 Denique
719 1939 752 2000 in
775 1940 882 2000 dubiis

127 2021 276 2081 libertate
298 2019 409 2079 iudicii
433 2020 476 2078 ita
497 2037 578 2079 usus
600 2037 691 2095 sum,
712 2029 747 2079 ut
768 2021 882 2092 extitit,

126 2101 307 2177 expoliare,
329 2105 510 2175 expectare,
532 2099 708 2171 Iohannes,
730 2101 881 2172 obtinere,

127 2186 283 2257 temptare
310 2179 455 2240 Thomae
486 2180 679 2256 plerumque
708 2191 881 2240 consuetu-

126 2261 238 2322 dinem
254 2269 389 2320 secutus
403 2260 615 2336 praeierrem,
633 2260 729 2320 etiam
745 2261 880 2331 deciens,

126 2341 266 2412 miliens,
288 2357 484 2418 quamquam
506 2341 569 2401 hoc
591 2350 702 2400 contra
723 2339 879 2401 Thomam

33 2478 38 2484 .
125 2439 164 2482 ac
188 2421 327 2481 fortasse
349 2429 478 2496 praeter
499 2421 739 2481 necessitatem.

189 2501 263 2561 Non
272 2517 408 2578 prorsus
419 2501 543 2575 eadem,
552 2518 635 2578 quae
646 2502 880 2578 ortographiae,

126 2581 208 2645 ratio
224 2591 275 2641 est
291 2580 481 2641 Latinitatis
511 2580 559 2641 Ac
574 2598 616 2641 ne
638 2582 712 2657 quis
733 2581 880 2657 miretur,

125 2662 209 2722 tales
224 2661 440 2722 soloecismos
454 2678 473 2719 a
488 2678 540 2721 me
556 2661 701 2721 sublatos
716 2678 781 2721 non
795 2679 880 2737 esse,

125 2743 242 2818 quales
257 2742 408 2818 leguntur
422 2745 471 2816 51,
488 2758 520 2800 ιο.
537 2758 576 2802 n:
600 2746 636 2800 ut
703 2743 879 2819 sufficiunt,

124 2826 203 2898 314,
224 2837 292 2882 7-9:
324 2822 546 2882 laborantibus
567 2865 620 2880 ...
639 2822 878 2897 prendiderunt,

124 2907 196 2978 318,
218 2919 258 2962 17:
280 2903 389 2963 dicens
403 2901 475 2978 (pro
490 2901 658 2978 dicentem)
672 2902 724 2962 vel
740 2912 879 2962 structu·

125 3000 180 3044 ras
211 2983 320 3042 minus
351 2983 503 3058 usitataS,
534 2983 647 3059 quales
678 2992 753 3042 sunt
781 2985 816 3057 7,
836 2999 878 3042 27:

125 3063 229 3124 Filius
243 3107 306 3134 ...,
328 3067 377 3138 61,
391 3079 419 3120 ee
434 3065 577 3139 fructum
589 3062 699 3138 potiri,
722 3062 750 3122 is
765 3079 877 3122 secum

125 3160 237 3204 meum
259 3160 325 3203 non
342 3142 445 3203 fuisse
462 3152 590 3218 reputet
604 3141 773 3218 Thomam,
794 3142 879 3218 apud

125 3241 225 3301 quem
240 3223 316 3284 talia
330 3240 396 3283 non
409 3241 482 3283 raro
493 3232 678 3299 occurrunt,
693 3223 878 3298 emendare,

186 3425 193 3453 ¹
214 3425 292 3468 Vtrum
316 3425 414 3468 Thomas
443 3435 584 3479 constanter,
613 3429 635 3468 ni
663 3427 743 3480 iellor,
771 3429 878 3478 quicuque

125 3480 227 3521 scribens
241 3481 369 3531 quicumque
384 3492 410 3522 un
425 3483 547 3531 quicunque
566 3481 681 3533 maluerit,
702 3483 809 3523 incertum
830 3489 877 3532 est;

125 3533 321 3628 {gugidffinfflbo
343 3545 367 3575 uc
388 3542 475 3577 vetusto
493 3536 621 3586 quicumque
640 3536 806 3588 postliminium
825 3536 877 3576 dure

482 3673 519 3714 411
