2194 4180
119 590 225 656 orent,
246 590 282 640 ut
304 580 395 639 Deus
417 595 477 639 vos
499 579 659 640 custodiat
688 589 720 640 et
748 579 875 640 deside·

120 678 207 738 rium
229 687 374 738 vestrum
397 677 539 754 impleat,
561 694 657 755 quam
680 678 713 738 in
729 677 875 754 periculo

72 771 78 782 ¹
121 775 269 852 corporis
291 775 341 835 sui
364 776 429 835 huc
445 775 606 850 venirent,
628 785 660 836 et
681 774 802 836 milites
818 791 876 835 eos

121 873 330 933 trucidarent.
367 872 413 932 Ex
435 874 497 932 hoc
519 873 607 933 enirn
630 873 733 932 maior
747 873 877 933 tristitia

122 969 326 1046 contingeret
348 979 380 1029 et
401 986 461 1029 vos
482 979 639 1047 gravaret,
667 970 695 1030 si
718 981 791 1047 post
814 971 901 1028 Dos

122 1068 248 1128 minum
271 1076 418 1127 nostrum
435 1067 532 1128 etiarn
554 1067 706 1145 discipuli
728 1068 801 1128 eius
822 1084 878 1127 ne-

123 1176 285 1227 carentur.

166 1263 253 1340 Quid
276 1280 354 1340 ergo
377 1262 514 1339 facietis,
537 1273 569 1323 et
590 1280 746 1340 quorsum
763 1263 879 1324 ibitis?

125 1361 215 1437 Rogo
237 1377 307 1435 vos,
329 1360 423 1420 stetis
445 1360 542 1420 simul
564 1370 597 1420 et
619 1362 729 1437 oretis
753 1379 818 1422 non
841 1362 878 1422 ti-

123 1457 251 1533 meatis,
266 1458 324 1518 sed
340 1475 456 1518 secure
472 1459 665 1534 procedatis.
696 1459 879 1521 Conlidatis
891 1475 915 1516 ro

124 1556 160 1615 in
183 1556 334 1631 Domino,
356 1556 442 1633 quod
465 1557 529 1617 cito
544 1556 654 1617 veniet
676 1557 770 1617 vobis
792 1557 879 1617 auxi·

124 1652 205 1712 lium
228 1653 268 1712 de
291 1654 381 1713 caelo
410 1663 442 1714 et
463 1654 585 1714 bonum
615 1671 810 1731 responsum
841 1656 879 1715 ab

124 1752 252 1828 angelo,
274 1751 329 1828 qui
351 1751 423 1827 scit,
445 1751 522 1828 quid
545 1751 665 1813 facturn
688 1763 738 1814 est
760 1755 799 1814 de
816 1755 880 1814 Do·

125 1848 216 1909 mino
246 1849 351 1925 pridie
382 1850 521 1926 sepulto.
572 1850 671 1910 Novit
703 1853 793 1912 Deus
825 1869 881 1912 cor

125 1955 291 2022 vestrum,
322 1964 405 2024 quae
434 1947 532 2023 estis,
563 1957 595 2008 et
623 1949 709 2009 unde
732 1949 881 2026 venistis,
893 1967 917 2006 15

125 2061 225 2120 quem
241 2044 409 2121 quaeritis,
430 2054 463 2105 ct
484 2044 562 2120 quid
585 2045 617 2104 in
637 2047 787 2107 manibus
809 2065 881 2123 por·

125 2142 213 2217 tatis,
235 2141 365 2218 etquid
388 2142 448 2201 sub
470 2142 577 2218 palliis
599 2143 719 2202 vestris
747 2144 882 2204 abscon-

126 2239 214 2300 ditis.
256 2239 414 2299 Ascendit
443 2239 530 2299 enim
561 2240 641 2299 odor
664 2241 882 2302 suavissimus

126 2355 169 2398 ex
191 2337 388 2398 aromatibus
409 2337 529 2396 vestris
544 2354 652 2397 coram
670 2339 740 2397 Deo
762 2338 795 2398 in
812 2355 882 2398 cae·

126 2435 266 2495 lestibus
288 2434 408 2509 choris,
430 2444 462 2495 et
479 2435 582 2495 sancti
599 2436 704 2512 angeli
720 2435 918 2496 delectan-eo

125 2543 182 2593 tur
211 2532 370 2593 suavitate
401 2542 533 2593 sanctae
566 2533 723 2593 orationis
753 2541 882 2592 vestrae

127 2639 161 2690 et
189 2631 229 2690 de
258 2630 397 2691 ferventi
427 2648 555 2706 amore,
585 2648 683 2708 quem
711 2631 749 2691 ad
773 2632 881 2691 lesum

127 2729 257 2789 habetis
294 2737 326 2788 et
363 2728 417 2804 pio
450 2746 549 2806 opere
577 2729 674 2789 modo
701 2728 882 2789 ostenditis

126 2825 232 2886 Amor
253 2836 341 2887 certe
357 2827 466 2887 omnia
481 2827 581 2887 vincit
604 2838 636 2887 et
657 2826 822 2887 neminem
846 2827 883 2886 ti-

126 2932 205 2983 met.
247 2922 350 2983 Amor
371 2941 436 2984 non
459 2934 576 3001 cessat,
598 2925 702 2985 donec
724 2924 763 2983 ad
785 2923 883 2983 visio·
892 2935 919 2976 25

127 3037 205 3080 nem
226 3020 335 3081 dilecti
357 3022 535 3098 perveniat.
579 3022 704 3082 Idcirco
722 3021 884 3108 festinate,

127 3118 296 3194 procedite
312 3128 343 3178 et
358 3119 464 3194 silete,
485 3120 696 3196 sepulchrum
712 3118 885 3194 diligenter

127 3215 335 3276 considerate
357 3225 399 3292 et,
421 3217 448 3276 si
471 3226 618 3294 apertum
642 3215 757 3290 fuerit,
786 3213 884 3275 conli-

127 3313 245 3374 denter
266 3313 393 3374 intrate.
436 3315 470 3374 Si
501 3331 568 3374 non
597 3313 725 3373 audetis
753 3313 884 3388 intrare,

127 3412 294 3472 modicum
318 3420 485 3488 expectate
508 3420 539 3470 et
562 3420 668 3484 orate,
698 3409 730 3468 in
758 3410 920 3469 caelumao

126 3509 283 3586 aspicite,
317 3509 492 3586 gemitibus
528 3518 559 3569 et
595 3507 725 3568 lletibus
759 3516 883 3583 portam

492 3614 532 3654 227
738 3611 778 3654 rs·
