2152 4174
78 402 830 514 Quae-W

73 594 111 653 ad
135 592 394 669 crucifigendum
416 601 531 669 petunt
552 601 584 652 et
606 591 732 652 dicunt:
758 591 832 651 Non

74 694 173 766 hunc,
195 691 256 752 sed
279 690 469 750 Barabbam.

114 789 295 866 Speculare
322 787 448 848 seriose
470 788 554 847 hanc
576 788 706 862 horam,
732 785 833 846 domi-

75 888 167 948 nicae
189 885 355 963 passionis
377 895 518 961 amator,
544 894 576 945 et
598 894 709 945 contra
730 885 834 962 pessi·

76 1003 146 1047 mos
178 1001 330 1045 rumores
365 984 488 1045 saeculi
520 999 617 1044 aures
648 983 756 1043 cordis
786 982 856 1043 tuis

77 1083 214 1144 tirmiter
236 1082 350 1144 claude
368 1092 465 1160 atque
480 1082 519 1142 ad
535 1081 754 1141 miserabilem
772 1082 834 1141 cla-

77 1198 201 1242 morem
218 1179 440 1242 crucifixionis
457 1181 531 1240 Iesu
549 1178 693 1238 auditum
713 1195 833 1238 resera.

78 1279 158 1339 Dico
182 1277 257 1353 tibi,
285 1277 393 1338 anima
423 1277 544 1352 fidelis,
573 1275 686 1336 sanius
710 1276 763 1336 hic
785 1275 833 1336 in·

78 1375 194 1451 tendiS,
219 1391 315 1451 quam
339 1375 435 1435 astris
457 1375 538 1435 caeli
561 1373 754 1435 scrutandis.
798 1374 831 1435 Si

78 1491 153 1534 vere
184 1473 293 1532 iesum
325 1472 450 1550 diligis,
479 1472 551 1532 sine
579 1488 688 1531 amaro
710 1472 868 1548 gemitum

80 1574 164 1632 hunc
187 1571 296 1630 locum
319 1587 384 1632 non
406 1570 600 1647 permeabis.

117 1670 203 1732 Cum
227 1668 325 1746 igitur
346 1667 488 1727 mundus
509 1667 566 1728 tibi
589 1667 779 1727 adversatur
800 1677 832 1726 et

81 1770 177 1829 multa
199 1784 300 1844 super
321 1775 352 1826 te
374 1765 571 1841 improperia
592 1765 768 1840 iactaverit,
790 1781 831 1825 ne

82 1865 236 1943 frangaris
258 1862 368 1924 verbis
397 1862 539 1923 sinistris
567 1879 627 1922 nec
656 1861 755 1922 minis
778 1863 831 1922 ad·

12 2027 13 2036 ,
82 1963 296 2037 versantium,
324 1959 382 2020 sed
411 1968 576 2020 memento
602 1960 830 2035 patientissimi
843 1979 867 2020 15

84 2061 152 2121 lesu
188 2077 225 2120 ac
257 2057 490 2120 maledicorum
521 2057 713 2133 verborum,
748 2076 831 2135 quae

15 2167 18 2174 ’
84 2168 189 2234 prote
211 2156 383 2231 sustinuit,
412 2164 443 2215 et
468 2155 566 2215 surda
593 2170 672 2214 aure
697 2153 832 2215 frivolos

84 2254 150 2315 sine
186 2254 276 2315 abire
312 2270 470 2314 rumores.
523 2252 608 2315 Cum
646 2254 742 2314 etiarn
779 2265 833 2315 tua

84 2354 162 2414 bene
175 2362 268 2431 gesta
282 2352 315 2412 in
331 2353 451 2413 malum
468 2353 648 2426 trahuntur,
670 2362 702 2411 et
721 2352 833 2428 plures

83 2450 283 2527 dispositioni
313 2457 388 2508 tuae
419 2465 455 2509 se
487 2459 654 2524 opponunt
683 2449 869 2510 nolentesao

82 2549 212 2609 verbum
242 2557 334 2608 tuum
366 2546 554 2621 admittere,
586 2546 635 2605 ier
663 2556 832 2605 mansuete

83 2646 158 2706 haec
193 2644 321 2720 omnia,
356 2644 432 2722 quia
464 2661 529 2704 non
561 2661 598 2704 es
628 2643 833 2704 innocentior

83 2742 230 2818 Christo,
260 2743 311 2803 cui
341 2742 530 2802 insultatum
562 2751 627 2802 est:
656 2741 832 2818 Crucifige,

83 2840 231 2917 crucifige
254 2857 339 2901 eum.
370 2839 535 2900 Praescito
551 2838 657 2915 igitur,
678 2839 831 2916 quoniam

83 2938 112 2998 in
133 2939 185 2999 via
202 2937 263 2997 Dei
286 2939 406 2998 multos
427 2937 560 3014 patieris
578 2937 833 2999 contradictores
842 2959 870 3001 25

77 3046 139 3094 ‘nec
157 3035 223 3095 eris
238 3044 332 3095 antea
348 3036 419 3095 Deo
435 3034 691 3110 commendatus,
713 3035 776 3095 nisi
800 3035 832 3094 in

83 3133 177 3193 variis
211 3133 363 3209 passibus
399 3132 501 3193 fueris
536 3149 595 3207 pro
635 3132 706 3208 ipso
742 3149 834 3193 exer·

84 3229 204 3292 citatus.
248 3231 322 3308 lpse
350 3231 470 3309 quippe
499 3229 579 3290 dixit
607 3231 677 3291 suis
706 3230 833 3291 dilectis

12 3387 14 3400 ,
83 3331 210 3391 amicis:
248 3329 340 3391 Beati
372 3329 481 3404 eritis,
512 3346 585 3390 cum
617 3343 677 3387 vos
706 3327 833 3387 oderint

84 3427 230 3489 homines
266 3437 298 3488 et
335 3427 600 3504 exprobraverint
632 3435 764 3503 propter
799 3425 889 3489 ii-ao·

85 3523 159 3584 lium
179 3525 332 3586 hominis.
364 3524 509 3602 Sequere
532 3541 608 3601 ergo
624 3523 831 3584 innocentem

443 3629 470 3670 so
