2152 4174
249 417 1002 528 Qfflffibrasffiffl

243 607 351 667 noxiis
379 615 411 666 et
439 606 619 684 protegitur
645 608 685 666 ab
713 607 913 667 irruentibus
939 606 1006 666 ini-

244 703 320 764 mici
342 703 468 764 iaculis,

285 801 375 861 Exue
406 818 536 878 quoque
568 818 638 877 me,
669 799 810 862 Domine
837 801 928 877 Iesu,
960 803 1004 861 ab

244 899 332 960 omni
355 899 562 977 proprietatis
577 900 713 960 macula.
743 900 844 960 Indue
861 916 914 960 me
936 900 1005 960 vir-

220 996 368 1060 stutibus
395 996 484 1058 veris
512 1007 545 1058 et
573 999 717 1058 concede
746 997 940 1058 hilaritatem
967 998 1004 1058 in

244 1095 469 1172 despectibus,
496 1105 532 1156 ut
556 1096 679 1157 discam
702 1096 882 1156 clementer
903 1094 1004 1171 ferre,

244 1209 318 1252 cum
334 1191 527 1253 auferuntur
542 1193 738 1269 necessaria,
752 1210 814 1253 nec
829 1192 1003 1269 indignari,

244 1289 271 1350 si
294 1307 353 1366 pro
375 1290 470 1351 novis
491 1291 633 1368 antiqua,
654 1301 709 1351 aut
729 1307 789 1367 pro
808 1289 1003 1351 melioribus

244 1387 324 1447 milri
346 1387 573 1448 ministrantur
593 1388 773 1464 hispidiora
800 1388 1003 1450 indumenta.

209 1507 234 1551 ro
245 1485 319 1545 Non
348 1503 549 1547 murmurem
579 1496 691 1547 contra
719 1485 905 1548 deridentes
935 1503 1003 1562 me,

243 1599 309 1642 non
339 1584 532 1644 contendam
562 1601 636 1644 cum
665 1584 909 1661 increpantibus
936 1601 1003 1661 me,

244 1682 302 1740 sed
324 1681 357 1741 in
380 1681 605 1743 recordatione
621 1682 754 1759 spineae
770 1698 909 1742 coronae
923 1690 1002 1742 tuae

244 1778 353 1839 omnia
367 1779 517 1855 poenalia
532 1789 564 1840 et
575 1779 783 1840 conlusibilia
793 1779 873 1840 mihi
886 1795 1003 1854 super-

243 1874 408 1936 venientia
436 1877 672 1953 aequanimiter
694 1887 819 1953 captem
846 1893 904 1953 pro
925 1892 1004 1935 mea

209 1973 357 2040 issalute.
394 1973 588 2051 Compunge
611 1975 741 2036 demum
764 1974 828 2035 mei
847 1973 1001 2035 duritiam

244 2071 352 2132 cordis
383 2081 415 2132 et
446 2089 510 2133 una
540 2072 729 2133 acutissima
759 2071 853 2149 spina
883 2070 1004 2147 capitis

244 2169 290 2229 tui
313 2169 457 2230 medium
479 2171 551 2232 eius
566 2171 698 2248 perfige,
719 2180 755 2230 ut
776 2169 883 2230 omnis
905 2185 1008 2229 cruor

244 2267 363 2327 noxius
378 2267 466 2327 cami
482 2268 679 2328 commixtus
700 2284 740 2327 ex
760 2267 849 2327 illato
864 2267 1007 2328 vulnere
1069 2337 1070 2354 χ

245 2364 376 2439 eilluat,
418 2375 450 2425 et
492 2365 574 2425 sacri
611 2365 732 2425 amoris
766 2365 813 2425 tui
849 2365 1007 2426 stimulus
1069 2359 1070 2401 ³

209 2478 382 2539 aomagnus
404 2462 471 2523 illic
493 2463 614 2523 infixus
635 2471 779 2537 maneat,
801 2471 963 2540 quatenus
985 2481 1008 2523 a

245 2559 398 2620 vitiorum
430 2560 579 2621 sentibus
611 2569 643 2620 et
671 2547 919 2637 temptationum
946 2561 1007 2620 tri·

245 2657 331 2717 bulis
353 2658 449 2734 plene
471 2658 599 2735 purgari
628 2668 660 2719 et
681 2658 837 2719 virtutum
869 2657 1008 2718 semini-

245 2757 306 2816 bus
335 2772 463 2816 merear
483 2755 579 2832 digne
602 2755 755 2832 adaptari,
780 2756 893 2834 sicque
915 2765 1006 2816 terra

187 2889 191 2897 ·
246 2853 353 2914 cordis
375 2852 439 2914 mei
460 2870 500 2913 ex
517 2853 621 2930 prima
636 2853 865 2915 maledictione
881 2852 1007 2913 inlecta

209 2951 328 3012 assacri
358 2950 527 3027 sanguinis
557 2951 604 3012 tui
638 2952 850 3013 instillatione
883 2968 1004 3012 novam

245 3048 506 3110 benedictionem
529 3049 680 3127 recipiat,
703 3059 737 3110 ut
758 3067 817 3127 pro
839 3049 933 3125 spina
954 3048 1006 3108 in·

245 3146 352 3207 vidiae
382 3146 505 3207 oriatur
535 3147 615 3208 mibi
647 3164 721 3208 rosa
752 3147 912 3223 caritatis,
942 3165 1004 3224 pro

246 3245 349 3305 urtica
363 3245 508 3307 libidinis
522 3245 626 3308 lilium
643 3246 810 3321 castitatis,
832 3262 890 3321 pro
908 3244 1005 3322 lappa

245 3341 396 3403 vanitatis
427 3342 512 3403 viola
542 3343 754 3419 humilitatis,
789 3359 848 3419 pro
880 3341 1003 3404 tribulo

208 3439 429 3516 soasperitatis
451 3440 512 3501 llos
534 3441 805 3502 mansuetudinis.

606 3641 643 3684 102
