<?xml version="1.0" encoding="UTF-8"?>
<!DOCTYPE html PUBLIC "-//W3C//DTD XHTML 1.0 Transitional//EN"
    "http://www.w3.org/TR/xhtml1/DTD/xhtml1-transitional.dtd">
<html xmlns="http://www.w3.org/1999/xhtml" xml:lang="en" lang="en">
 <head>
  <title>
</title>
<meta http-equiv="Content-Type" content="text/html;charset=utf-8" />
  <meta name='ocr-system' content='tesseract 3.04.00' />
  <meta name='ocr-capabilities' content='ocr_page ocr_carea ocr_par ocr_line ocrx_word'/>
</head>
<body>
  <div class='ocr_page' id='page_1' title='image "./thomaehemerkena02pohlgoog_0172.png"; bbox 0 0 2152 4174; ppageno 0'>
   <div class='ocr_carea' id='block_1_1' title="bbox 111 441 844 551">
    <p class='ocr_par' dir='ltr' id='par_1_1' title="bbox 111 441 844 551">
     <span class='ocr_line' id='line_1_1' title="bbox 111 441 844 551; baseline -0.004 1"><span class='ocrx_word' id='word_1_1' title='bbox 111 441 844 551; x_wconf 56' lang='lat' dir='ltr'>an‘masnafflcmffi</span> 
     </span>
    </p>
   </div>
   <div class='ocr_carea' id='block_1_2' title="bbox 16 629 889 3537">
    <p class='ocr_par' dir='ltr' id='par_1_2' title="bbox 103 629 852 707">
     <span class='ocr_line' id='line_1_2' title="bbox 103 629 852 707; baseline -0.005 -16"><span class='ocrx_word' id='word_1_2' title='bbox 103 632 152 692; x_wconf 84' lang='lat' dir='ltr'>nia</span> <span class='ocrx_word' id='word_1_3' title='bbox 172 631 298 707; x_wconf 88' lang='lat' dir='ltr'>dignus.</span> <span class='ocrx_word' id='word_1_4' title='bbox 342 630 417 690; x_wconf 88' lang='lat' dir='ltr'>Scio</span> <span class='ocrx_word' id='word_1_5' title='bbox 439 630 570 706; x_wconf 90' lang='lat' dir='ltr'>quidem</span> <span class='ocrx_word' id='word_1_6' title='bbox 593 630 625 690; x_wconf 94' lang='lat' dir='ltr'>id</span> <span class='ocrx_word' id='word_1_7' title='bbox 646 629 703 689; x_wconf 91' lang='lat' dir='ltr'>tibi</span> <span class='ocrx_word' id='word_1_8' title='bbox 720 645 852 704; x_wconf 87' lang='lat' dir='ltr'>semper</span> 
     </span>
    </p>

    <p class='ocr_par' dir='ltr' id='par_1_3' title="bbox 102 725 851 804">
     <span class='ocr_line' id='line_1_3' title="bbox 102 725 851 804; baseline -0.004 -16"><span class='ocrx_word' id='word_1_9' title='bbox 102 727 260 804; x_wconf 87' lang='lat' dir='ltr'><strong>placuisse</strong></span> <span class='ocrx_word' id='word_1_10' title='bbox 282 736 314 787; x_wconf 89' lang='lat' dir='ltr'>et</span> <span class='ocrx_word' id='word_1_11' title='bbox 335 728 481 804; x_wconf 84' lang='lat' dir='ltr'>placere,</span> <span class='ocrx_word' id='word_1_12' title='bbox 509 728 596 803; x_wconf 89' lang='lat' dir='ltr'>quod</span> <span class='ocrx_word' id='word_1_13' title='bbox 626 726 692 786; x_wconf 87' lang='lat' dir='ltr'>lilio</span> <span class='ocrx_word' id='word_1_14' title='bbox 721 725 851 802; x_wconf 84' lang='lat' dir='ltr'>placuit,</span> 
     </span>
    </p>

    <p class='ocr_par' dir='ltr' id='par_1_4' title="bbox 103 823 851 902">
     <span class='ocr_line' id='line_1_4' title="bbox 103 823 851 902; baseline -0.003 -18"><span class='ocrx_word' id='word_1_15' title='bbox 103 825 131 884; x_wconf 94' lang='lat' dir='ltr'>id</span> <span class='ocrx_word' id='word_1_16' title='bbox 152 840 279 885; x_wconf 90' lang='lat' dir='ltr'>summe</span> <span class='ocrx_word' id='word_1_17' title='bbox 301 833 332 884; x_wconf 93' lang='lat' dir='ltr'>te</span> <span class='ocrx_word' id='word_1_18' title='bbox 355 825 457 900; x_wconf 92' lang='lat' dir='ltr'>velle,</span> <span class='ocrx_word' id='word_1_19' title='bbox 486 825 572 901; x_wconf 92' lang='lat' dir='ltr'>quod</span> <span class='ocrx_word' id='word_1_20' title='bbox 594 825 665 902; x_wconf 92' lang='lat' dir='ltr'>ipse</span> <span class='ocrx_word' id='word_1_21' title='bbox 695 824 764 885; x_wconf 88' lang='lat' dir='ltr'>lieri</span> <span class='ocrx_word' id='word_1_22' title='bbox 787 823 851 883; x_wconf 93' lang='lat' dir='ltr'>dis·</span> 
     </span>
    </p>

    <p class='ocr_par' dir='ltr' id='par_1_5' title="bbox 101 920 851 999">
     <span class='ocr_line' id='line_1_5' title="bbox 101 920 851 999; baseline -0.004 -16"><span class='ocrx_word' id='word_1_23' title='bbox 101 923 221 999; x_wconf 88' lang='lat' dir='ltr'>posuit,</span> <span class='ocrx_word' id='word_1_24' title='bbox 250 922 305 999; x_wconf 89' lang='lat' dir='ltr'>qui</span> <span class='ocrx_word' id='word_1_25' title='bbox 328 922 361 980; x_wconf 94' lang='lat' dir='ltr'>in</span> <span class='ocrx_word' id='word_1_26' title='bbox 385 920 511 982; x_wconf 90' lang='lat' dir='ltr'>cunctis</span> <span class='ocrx_word' id='word_1_27' title='bbox 540 921 609 981; x_wconf 86' lang='lat' dir='ltr'>suis</span> <span class='ocrx_word' id='word_1_28' title='bbox 637 921 764 982; x_wconf 83' lang='lat' dir='ltr'>actibus</span> <span class='ocrx_word' id='word_1_29' title='bbox 785 937 851 980; x_wconf 90' lang='lat' dir='ltr'>non</span> 
     </span>
    </p>

    <p class='ocr_par' dir='ltr' id='par_1_6' title="bbox 16 1019 874 1194">
     <span class='ocr_line' id='line_1_6' title="bbox 16 1019 874 1097; baseline -0.006 -15"><span class='ocrx_word' id='word_1_30' title='bbox 16 1069 21 1082; x_wconf 89' lang='lat'><strong>.</strong></span> <span class='ocrx_word' id='word_1_31' title='bbox 100 1021 258 1097; x_wconf 83' lang='lat' dir='ltr'>propriam</span> <span class='ocrx_word' id='word_1_32' title='bbox 281 1020 492 1094; x_wconf 84' lang='lat' dir='ltr'>voluntatem,</span> <span class='ocrx_word' id='word_1_33' title='bbox 516 1019 574 1078; x_wconf 93' lang='lat' dir='ltr'>sed</span> <span class='ocrx_word' id='word_1_34' title='bbox 596 1029 762 1094; x_wconf 84' lang='lat' dir='ltr'>paternam</span> <span class='ocrx_word' id='word_1_35' title='bbox 785 1020 874 1094; x_wconf 83' lang='lat' dir='ltr'>glo-s</span> 
     </span>
     <span class='ocr_line' id='line_1_7' title="bbox 100 1115 850 1194; baseline -0.004 -16"><span class='ocrx_word' id='word_1_36' title='bbox 100 1119 176 1178; x_wconf 85' lang='lat' dir='ltr'>riam</span> <span class='ocrx_word' id='word_1_37' title='bbox 199 1117 370 1194; x_wconf 88' lang='lat' dir='ltr'>quaesivit.</span> <span class='ocrx_word' id='word_1_38' title='bbox 414 1116 556 1193; x_wconf 90' lang='lat' dir='ltr'>Ideoque</span> <span class='ocrx_word' id='word_1_39' title='bbox 578 1133 644 1176; x_wconf 90' lang='lat' dir='ltr'>non</span> <span class='ocrx_word' id='word_1_40' title='bbox 661 1116 771 1176; x_wconf 89' lang='lat' dir='ltr'>dubito</span> <span class='ocrx_word' id='word_1_41' title='bbox 793 1115 850 1175; x_wconf 93' lang='lat' dir='ltr'>tibi</span> 
     </span>
    </p>

    <p class='ocr_par' dir='ltr' id='par_1_7' title="bbox 99 1213 850 1292">
     <span class='ocr_line' id='line_1_8' title="bbox 99 1213 850 1292; baseline -0.003 -17"><span class='ocrx_word' id='word_1_42' title='bbox 99 1215 236 1292; x_wconf 85' lang='lat' dir='ltr'>placere,</span> <span class='ocrx_word' id='word_1_43' title='bbox 257 1215 343 1292; x_wconf 89' lang='lat' dir='ltr'>quod</span> <span class='ocrx_word' id='word_1_44' title='bbox 366 1230 405 1274; x_wconf 94' lang='lat' dir='ltr'>eo</span> <span class='ocrx_word' id='word_1_45' title='bbox 427 1231 503 1273; x_wconf 87' lang='lat' dir='ltr'>mox</span> <span class='ocrx_word' id='word_1_46' title='bbox 530 1214 671 1273; x_wconf 82' lang='lat' dir='ltr'>abeunte</span> <span class='ocrx_word' id='word_1_47' title='bbox 693 1213 850 1274; x_wconf 87' lang='lat' dir='ltr'>vicarium</span> 
     </span>
    </p>

    <p class='ocr_par' dir='ltr' id='par_1_8' title="bbox 98 1310 702 1389">
     <span class='ocr_line' id='line_1_9' title="bbox 98 1310 702 1389; baseline -0.003 -17"><span class='ocrx_word' id='word_1_48' title='bbox 98 1330 155 1389; x_wconf 91' lang='lat' dir='ltr'>pro</span> <span class='ocrx_word' id='word_1_49' title='bbox 176 1330 213 1372; x_wconf 93' lang='lat' dir='ltr'>se</span> <span class='ocrx_word' id='word_1_50' title='bbox 237 1313 415 1373; x_wconf 87' lang='lat' dir='ltr'>Iohannem</span> <span class='ocrx_word' id='word_1_51' title='bbox 437 1310 495 1370; x_wconf 83' lang='lat' dir='ltr'>tibi</span> <span class='ocrx_word' id='word_1_52' title='bbox 518 1310 702 1388; x_wconf 86' lang='lat' dir='ltr'>dereliquit.</span> 
     </span>
    </p>

    <p class='ocr_par' dir='ltr' id='par_1_9' title="bbox 84 1409 889 3537">
     <span class='ocr_line' id='line_1_10' title="bbox 136 1409 852 1485; baseline -0.004 -15"><span class='ocrx_word' id='word_1_53' title='bbox 136 1409 258 1485; x_wconf 82' lang='lat' dir='ltr'>Accipe</span> <span class='ocrx_word' id='word_1_54' title='bbox 280 1427 386 1485; x_wconf 89' lang='lat' dir='ltr'>nunc,</span> <span class='ocrx_word' id='word_1_55' title='bbox 415 1409 578 1469; x_wconf 91' lang='lat' dir='ltr'>lohannes</span> <span class='ocrx_word' id='word_1_56' title='bbox 607 1417 737 1484; x_wconf 85' lang='lat' dir='ltr'>sancte,</span> <span class='ocrx_word' id='word_1_57' title='bbox 765 1425 852 1468; x_wconf 94' lang='lat' dir='ltr'>com·</span> 
     </span>
     <span class='ocr_line' id='line_1_11' title="bbox 95 1505 889 1569; baseline -0.011 0"><span class='ocrx_word' id='word_1_58' title='bbox 95 1508 282 1569; x_wconf 89' lang='lat' dir='ltr'>mendatum</span> <span class='ocrx_word' id='word_1_59' title='bbox 305 1507 362 1567; x_wconf 91' lang='lat' dir='ltr'>tibi</span> <span class='ocrx_word' id='word_1_60' title='bbox 385 1509 575 1567; x_wconf 88' lang='lat' dir='ltr'>thesaurum</span> <span class='ocrx_word' id='word_1_61' title='bbox 592 1505 852 1566; x_wconf 83' lang='lat' dir='ltr'>desiderabilem.</span> <span class='ocrx_word' id='word_1_62' title='bbox 865 1520 889 1561; x_wconf 84' lang='grc' dir='ltr'>ιο</span> 
     </span>
     <span class='ocr_line' id='line_1_12' title="bbox 94 1603 852 1681; baseline -0.004 -16"><span class='ocrx_word' id='word_1_63' title='bbox 94 1604 218 1681; x_wconf 80' lang='lat' dir='ltr'>Accipe</span> <span class='ocrx_word' id='word_1_64' title='bbox 241 1605 318 1665; x_wconf 82' lang='lat' dir='ltr'>lesu&#39;</span> <span class='ocrx_word' id='word_1_65' title='bbox 345 1613 480 1664; x_wconf 88' lang='lat' dir='ltr'>matrem</span> <span class='ocrx_word' id='word_1_66' title='bbox 504 1603 742 1679; x_wconf 81' lang='lat' dir='ltr'>venerabilem,</span> <span class='ocrx_word' id='word_1_67' title='bbox 771 1604 852 1665; x_wconf 89' lang='lat' dir='ltr'>caeli</span> 
     </span>
     <span class='ocr_line' id='line_1_13' title="bbox 93 1700 851 1780; baseline -0.005 -16"><span class='ocrx_word' id='word_1_68' title='bbox 93 1703 251 1780; x_wconf 86' lang='lat' dir='ltr'>reginam,</span> <span class='ocrx_word' id='word_1_69' title='bbox 272 1701 436 1762; x_wconf 88' lang='lat' dir='ltr'>dominam</span> <span class='ocrx_word' id='word_1_70' title='bbox 453 1700 576 1776; x_wconf 93' lang='lat' dir='ltr'>mundi,</span> <span class='ocrx_word' id='word_1_71' title='bbox 598 1710 685 1761; x_wconf 86' lang='lat' dir='ltr'>tuam</span> <span class='ocrx_word' id='word_1_72' title='bbox 702 1701 851 1762; x_wconf 89' lang='lat' dir='ltr'>dilectam</span> 
     </span>
     <span class='ocr_line' id='line_1_14' title="bbox 92 1799 853 1876; baseline -0.004 -15"><span class='ocrx_word' id='word_1_73' title='bbox 92 1809 301 1862; x_wconf 89' lang='lat' dir='ltr'>materteram</span> <span class='ocrx_word' id='word_1_74' title='bbox 324 1800 503 1876; x_wconf 88' lang='lat' dir='ltr'>matrisque</span> <span class='ocrx_word' id='word_1_75' title='bbox 520 1808 594 1859; x_wconf 82' lang='lat' dir='ltr'>tuae</span> <span class='ocrx_word' id='word_1_76' title='bbox 609 1815 767 1874; x_wconf 89' lang='lat' dir='ltr'>sororem,</span> <span class='ocrx_word' id='word_1_77' title='bbox 789 1799 853 1858; x_wconf 87' lang='lat' dir='ltr'>vir-</span> 
     </span>
     <span class='ocr_line' id='line_1_15' title="bbox 89 1897 850 1978; baseline -0.004 -18"><span class='ocrx_word' id='word_1_78' title='bbox 89 1901 202 1978; x_wconf 88' lang='lat' dir='ltr'>ginem</span> <span class='ocrx_word' id='word_1_79' title='bbox 233 1908 387 1959; x_wconf 88' lang='lat' dir='ltr'>sanctam.</span> <span class='ocrx_word' id='word_1_80' title='bbox 439 1899 608 1958; x_wconf 89' lang='lat' dir='ltr'>Hactenus</span> <span class='ocrx_word' id='word_1_81' title='bbox 636 1899 729 1958; x_wconf 87' lang='lat' dir='ltr'>beata</span> <span class='ocrx_word' id='word_1_82' title='bbox 759 1897 850 1974; x_wconf 88' lang='lat' dir='ltr'>virgo</span> 
     </span>
     <span class='ocr_line' id='line_1_16' title="bbox 90 1995 886 2058; baseline -0.003 -1"><span class='ocrx_word' id='word_1_83' title='bbox 90 1996 200 2058; x_wconf 82' lang='lat' dir='ltr'>illaria</span> <span class='ocrx_word' id='word_1_84' title='bbox 230 1997 301 2057; x_wconf 91' lang='lat' dir='ltr'>iure</span> <span class='ocrx_word' id='word_1_85' title='bbox 333 1997 441 2056; x_wconf 82' lang='lat' dir='ltr'>carnis</span> <span class='ocrx_word' id='word_1_86' title='bbox 471 2006 645 2057; x_wconf 88' lang='lat' dir='ltr'>matertera</span> <span class='ocrx_word' id='word_1_87' title='bbox 679 2005 734 2056; x_wconf 88' lang='lat' dir='ltr'>tua</span> <span class='ocrx_word' id='word_1_88' title='bbox 764 1995 849 2055; x_wconf 89' lang='lat' dir='ltr'>dicta</span> <span class='ocrx_word' id='word_1_89' title='bbox 862 2008 886 2050; x_wconf 82' lang='lat'>15</span> 
     </span>
     <span class='ocr_line' id='line_1_17' title="bbox 89 2092 848 2171; baseline -0.007 -15"><span class='ocrx_word' id='word_1_90' title='bbox 89 2105 152 2171; x_wconf 90' lang='lat' dir='ltr'>est,</span> <span class='ocrx_word' id='word_1_91' title='bbox 175 2112 264 2155; x_wconf 91' lang='lat' dir='ltr'>nunc</span> <span class='ocrx_word' id='word_1_92' title='bbox 285 2094 452 2155; x_wconf 89' lang='lat' dir='ltr'>sacratiori</span> <span class='ocrx_word' id='word_1_93' title='bbox 469 2095 582 2155; x_wconf 91' lang='lat' dir='ltr'>ordine</span> <span class='ocrx_word' id='word_1_94' title='bbox 605 2103 637 2153; x_wconf 90' lang='lat' dir='ltr'>et</span> <span class='ocrx_word' id='word_1_95' title='bbox 651 2093 722 2153; x_wconf 93' lang='lat' dir='ltr'>iure</span> <span class='ocrx_word' id='word_1_96' title='bbox 737 2092 848 2152; x_wconf 91' lang='lat' dir='ltr'>divino</span> 
     </span>
     <span class='ocr_line' id='line_1_18' title="bbox 88 2190 850 2267; baseline -0.004 -15"><span class='ocrx_word' id='word_1_97' title='bbox 88 2192 262 2252; x_wconf 87' lang='lat' dir='ltr'>vocabitur</span> <span class='ocrx_word' id='word_1_98' title='bbox 296 2201 399 2252; x_wconf 83' lang='lat' dir='ltr'>mater</span> <span class='ocrx_word' id='word_1_99' title='bbox 430 2201 484 2252; x_wconf 85' lang='lat' dir='ltr'>tua</span> <span class='ocrx_word' id='word_1_100' title='bbox 514 2191 553 2252; x_wconf 91' lang='lat' dir='ltr'>de</span> <span class='ocrx_word' id='word_1_101' title='bbox 584 2190 717 2266; x_wconf 89' lang='lat' dir='ltr'>speciali</span> <span class='ocrx_word' id='word_1_102' title='bbox 748 2190 850 2267; x_wconf 86' lang='lat' dir='ltr'>gratia</span> 
     </span>
     <span class='ocr_line' id='line_1_19' title="bbox 87 2288 848 2365; baseline -0.003 -15"><span class='ocrx_word' id='word_1_103' title='bbox 87 2291 148 2351; x_wconf 91' lang='lat' dir='ltr'>tibi</span> <span class='ocrx_word' id='word_1_104' title='bbox 182 2289 367 2350; x_wconf 86' lang='lat' dir='ltr'>commissa.</span> <span class='ocrx_word' id='word_1_105' title='bbox 414 2288 462 2348; x_wconf 90' lang='lat' dir='ltr'>Tu</span> <span class='ocrx_word' id='word_1_106' title='bbox 493 2305 641 2365; x_wconf 90' lang='lat' dir='ltr'>quoque,</span> <span class='ocrx_word' id='word_1_107' title='bbox 671 2289 726 2364; x_wconf 94' lang='lat' dir='ltr'>qui</span> <span class='ocrx_word' id='word_1_108' title='bbox 757 2289 848 2364; x_wconf 93' lang='lat' dir='ltr'>prius</span> 
     </span>
     <span class='ocr_line' id='line_1_20' title="bbox 88 2386 847 2465; baseline -0.003 -18"><span class='ocrx_word' id='word_1_109' title='bbox 88 2387 246 2465; x_wconf 89' lang='lat' dir='ltr'>proprius</span> <span class='ocrx_word' id='word_1_110' title='bbox 267 2396 402 2447; x_wconf 89' lang='lat' dir='ltr'>vocatus</span> <span class='ocrx_word' id='word_1_111' title='bbox 425 2403 461 2446; x_wconf 87' lang='lat' dir='ltr'>es</span> <span class='ocrx_word' id='word_1_112' title='bbox 483 2386 644 2446; x_wconf 88' lang='lat' dir='ltr'>Zebedaei</span> <span class='ocrx_word' id='word_1_113' title='bbox 667 2386 847 2446; x_wconf 90' lang='lat' dir='ltr'>secundum</span> 
     </span>
     <span class='ocr_line' id='line_1_21' title="bbox 88 2483 885 2558; baseline -0.004 -13"><span class='ocrx_word' id='word_1_114' title='bbox 88 2501 225 2545; x_wconf 89' lang='lat' dir='ltr'>carnem</span> <span class='ocrx_word' id='word_1_115' title='bbox 255 2483 359 2558; x_wconf 80' lang='lat' dir='ltr'>filius,</span> <span class='ocrx_word' id='word_1_116' title='bbox 390 2483 489 2543; x_wconf 86' lang='lat' dir='ltr'>irater</span> <span class='ocrx_word' id='word_1_117' title='bbox 520 2483 626 2543; x_wconf 89' lang='lat' dir='ltr'>lacobi</span> <span class='ocrx_word' id='word_1_118' title='bbox 656 2483 788 2543; x_wconf 89' lang='lat' dir='ltr'>maioris</span> <span class='ocrx_word' id='word_1_119' title='bbox 817 2493 885 2543; x_wconf 81' lang='lat' dir='ltr'>etzo</span> 
     </span>
     <span class='ocr_line' id='line_1_22' title="bbox 87 2580 850 2660; baseline -0.003 -18"><span class='ocrx_word' id='word_1_120' title='bbox 87 2581 298 2660; x_wconf 88' lang='lat' dir='ltr'>propinquus</span> <span class='ocrx_word' id='word_1_121' title='bbox 320 2580 452 2640; x_wconf 89' lang='lat' dir='ltr'>Domini</span> <span class='ocrx_word' id='word_1_122' title='bbox 475 2581 656 2655; x_wconf 86' lang='lat' dir='ltr'>salvatoris,</span> <span class='ocrx_word' id='word_1_123' title='bbox 678 2597 715 2640; x_wconf 88' lang='lat' dir='ltr'>ac</span> <span class='ocrx_word' id='word_1_124' title='bbox 736 2589 850 2656; x_wconf 91' lang='lat' dir='ltr'>postea</span> 
     </span>
     <span class='ocr_line' id='line_1_23' title="bbox 87 2676 849 2754; baseline 0.001 -16"><span class='ocrx_word' id='word_1_125' title='bbox 87 2679 168 2740; x_wconf 87' lang='lat' dir='ltr'>lesu</span> <span class='ocrx_word' id='word_1_126' title='bbox 192 2677 374 2754; x_wconf 92' lang='lat' dir='ltr'>discipulus</span> <span class='ocrx_word' id='word_1_127' title='bbox 396 2676 552 2753; x_wconf 82' lang='lat' dir='ltr'>effectus,</span> <span class='ocrx_word' id='word_1_128' title='bbox 583 2677 646 2738; x_wconf 86' lang='lat' dir='ltr'>iam</span> <span class='ocrx_word' id='word_1_129' title='bbox 678 2695 763 2739; x_wconf 91' lang='lat' dir='ltr'>novo</span> <span class='ocrx_word' id='word_1_130' title='bbox 792 2696 849 2739; x_wconf 89' lang='lat' dir='ltr'>no-</span> 
     </span>
     <span class='ocr_line' id='line_1_24' title="bbox 85 2774 849 2852; baseline -0.001 -15"><span class='ocrx_word' id='word_1_131' title='bbox 85 2777 181 2838; x_wconf 91' lang='lat' dir='ltr'>mine</span> <span class='ocrx_word' id='word_1_132' title='bbox 209 2774 379 2836; x_wconf 88' lang='lat' dir='ltr'>vocaberis</span> <span class='ocrx_word' id='word_1_133' title='bbox 401 2774 526 2834; x_wconf 84' lang='lat' dir='ltr'>Mariae</span> <span class='ocrx_word' id='word_1_134' title='bbox 553 2774 640 2835; x_wconf 87' lang='lat' dir='ltr'>iilius</span> <span class='ocrx_word' id='word_1_135' title='bbox 668 2776 849 2852; x_wconf 82' lang='lat' dir='ltr'>adoptivus,</span> 
     </span>
     <span class='ocr_line' id='line_1_25' title="bbox 85 2871 849 2950; baseline -0.004 -14"><span class='ocrx_word' id='word_1_136' title='bbox 85 2875 182 2936; x_wconf 84' lang='lat' dir='ltr'>filiali</span> <span class='ocrx_word' id='word_1_137' title='bbox 205 2874 319 2950; x_wconf 89' lang='lat' dir='ltr'>utique</span> <span class='ocrx_word' id='word_1_138' title='bbox 348 2888 458 2932; x_wconf 88' lang='lat' dir='ltr'>amore</span> <span class='ocrx_word' id='word_1_139' title='bbox 487 2871 533 2931; x_wconf 94' lang='lat' dir='ltr'>illi</span> <span class='ocrx_word' id='word_1_140' title='bbox 556 2872 595 2931; x_wconf 90' lang='lat' dir='ltr'>de</span> <span class='ocrx_word' id='word_1_141' title='bbox 625 2881 733 2932; x_wconf 92' lang='lat' dir='ltr'>cetero</span> <span class='ocrx_word' id='word_1_142' title='bbox 756 2873 849 2933; x_wconf 91' lang='lat' dir='ltr'>obse·</span> 
     </span>
     <span class='ocr_line' id='line_1_26' title="bbox 85 2969 886 3047; baseline -0.005 -13"><span class='ocrx_word' id='word_1_143' title='bbox 85 2982 239 3034; x_wconf 82' lang='lat' dir='ltr'>cuturus</span> <span class='ocrx_word' id='word_1_144' title='bbox 269 2970 338 3047; x_wconf 78' lang='lat' dir='ltr'>Age</span> <span class='ocrx_word' id='word_1_145' title='bbox 361 2986 448 3046; x_wconf 88' lang='lat' dir='ltr'>ergo,</span> <span class='ocrx_word' id='word_1_146' title='bbox 470 2970 556 3045; x_wconf 90' lang='lat' dir='ltr'>quod</span> <span class='ocrx_word' id='word_1_147' title='bbox 579 2969 668 3029; x_wconf 90' lang='lat' dir='ltr'>iubet</span> <span class='ocrx_word' id='word_1_148' title='bbox 683 2969 886 3046; x_wconf 83' lang='lat' dir='ltr'>Christus,25</span> 
     </span>
     <span class='ocr_line' id='line_1_27' title="bbox 84 3068 849 3148; baseline -0.004 -17"><span class='ocrx_word' id='word_1_149' title='bbox 84 3072 193 3148; x_wconf 90' lang='lat' dir='ltr'>imple</span> <span class='ocrx_word' id='word_1_150' title='bbox 208 3071 344 3129; x_wconf 91' lang='lat' dir='ltr'>verbum</span> <span class='ocrx_word' id='word_1_151' title='bbox 360 3084 472 3129; x_wconf 88' lang='lat' dir='ltr'>sacrae</span> <span class='ocrx_word' id='word_1_152' title='bbox 494 3068 795 3143; x_wconf 91' lang='lat' dir='ltr'>commendationis,</span> <span class='ocrx_word' id='word_1_153' title='bbox 817 3078 849 3129; x_wconf 93' lang='lat' dir='ltr'>et</span> 
     </span>
     <span class='ocr_line' id='line_1_28' title="bbox 84 3165 848 3243; baseline -0.005 -14"><span class='ocrx_word' id='word_1_154' title='bbox 84 3169 159 3229; x_wconf 90' lang='lat' dir='ltr'>eris</span> <span class='ocrx_word' id='word_1_155' title='bbox 181 3167 334 3228; x_wconf 92' lang='lat' dir='ltr'>omnibus</span> <span class='ocrx_word' id='word_1_156' title='bbox 348 3175 459 3243; x_wconf 85' lang='lat' dir='ltr'>gratus</span> <span class='ocrx_word' id='word_1_157' title='bbox 481 3174 513 3225; x_wconf 91' lang='lat' dir='ltr'>et</span> <span class='ocrx_word' id='word_1_158' title='bbox 534 3165 591 3225; x_wconf 85' lang='lat' dir='ltr'>toti</span> <span class='ocrx_word' id='word_1_159' title='bbox 607 3166 728 3226; x_wconf 94' lang='lat' dir='ltr'>mundo</span> <span class='ocrx_word' id='word_1_160' title='bbox 748 3168 848 3226; x_wconf 90' lang='lat' dir='ltr'>hono-</span> 
     </span>
     <span class='ocr_line' id='line_1_29' title="bbox 84 3263 848 3339; baseline -0.003 -13"><span class='ocrx_word' id='word_1_161' title='bbox 84 3265 215 3326; x_wconf 74' lang='lat' dir='ltr'>rabilis,</span> <span class='ocrx_word' id='word_1_162' title='bbox 246 3265 334 3325; x_wconf 92' lang='lat' dir='ltr'>Fecit</span> <span class='ocrx_word' id='word_1_163' title='bbox 348 3263 559 3324; x_wconf 89' lang='lat' dir='ltr'>beatissimus</span> <span class='ocrx_word' id='word_1_164' title='bbox 576 3264 748 3339; x_wconf 88' lang='lat' dir='ltr'>lohannes,</span> <span class='ocrx_word' id='word_1_165' title='bbox 763 3264 848 3324; x_wconf 90' lang='lat' dir='ltr'>sicut</span> 
     </span>
     <span class='ocr_line' id='line_1_30' title="bbox 85 3360 848 3424; baseline -0.003 0"><span class='ocrx_word' id='word_1_166' title='bbox 85 3364 173 3424; x_wconf 85' lang='lat' dir='ltr'>dixit</span> <span class='ocrx_word' id='word_1_167' title='bbox 195 3364 226 3424; x_wconf 94' lang='lat' dir='ltr'>ei</span> <span class='ocrx_word' id='word_1_168' title='bbox 249 3363 282 3423; x_wconf 90' lang='lat' dir='ltr'>in</span> <span class='ocrx_word' id='word_1_169' title='bbox 298 3379 395 3423; x_wconf 92' lang='lat' dir='ltr'>cruce</span> <span class='ocrx_word' id='word_1_170' title='bbox 411 3362 514 3422; x_wconf 86' lang='lat' dir='ltr'>lesus.</span> <span class='ocrx_word' id='word_1_171' title='bbox 544 3361 627 3421; x_wconf 89' lang='lat' dir='ltr'>Nam</span> <span class='ocrx_word' id='word_1_172' title='bbox 644 3379 684 3422; x_wconf 88' lang='lat' dir='ltr'>ex</span> <span class='ocrx_word' id='word_1_173' title='bbox 699 3360 753 3420; x_wconf 84' lang='lat' dir='ltr'>illa</span> <span class='ocrx_word' id='word_1_174' title='bbox 768 3364 848 3422; x_wconf 92' lang='lat' dir='ltr'>hora</span> 
     </span>
     <span class='ocr_line' id='line_1_31' title="bbox 84 3460 885 3537; baseline 0 -17"><span class='ocrx_word' id='word_1_175' title='bbox 84 3460 219 3537; x_wconf 89' lang='lat' dir='ltr'>accepit</span> <span class='ocrx_word' id='word_1_176' title='bbox 242 3477 312 3520; x_wconf 90' lang='lat' dir='ltr'>eam</span> <span class='ocrx_word' id='word_1_177' title='bbox 338 3460 518 3536; x_wconf 92' lang='lat' dir='ltr'>discipulus</span> <span class='ocrx_word' id='word_1_178' title='bbox 540 3460 573 3520; x_wconf 92' lang='lat' dir='ltr'>in</span> <span class='ocrx_word' id='word_1_179' title='bbox 596 3477 655 3520; x_wconf 89' lang='lat' dir='ltr'>sua</span> <span class='ocrx_word' id='word_1_180' title='bbox 684 3469 715 3520; x_wconf 94' lang='lat' dir='ltr'>et</span> <span class='ocrx_word' id='word_1_181' title='bbox 737 3477 885 3520; x_wconf 78' lang='lat' dir='ltr'>curamso</span> 
     </span>
    </p>
   </div>
   <div class='ocr_carea' id='block_1_3' title="bbox 85 3557 849 3705">
    <p class='ocr_par' dir='ltr' id='par_1_10' title="bbox 85 3557 849 3705">
     <span class='ocr_line' id='line_1_32' title="bbox 85 3557 849 3633; baseline -0.001 -16"><span class='ocrx_word' id='word_1_182' title='bbox 85 3559 117 3617; x_wconf 90' lang='lat' dir='ltr'>ei</span> <span class='ocrx_word' id='word_1_183' title='bbox 144 3557 310 3633; x_wconf 84' lang='lat' dir='ltr'>adhibuit,</span> <span class='ocrx_word' id='word_1_184' title='bbox 332 3557 470 3618; x_wconf 90' lang='lat' dir='ltr'>sollicite</span> <span class='ocrx_word' id='word_1_185' title='bbox 493 3557 689 3618; x_wconf 89' lang='lat' dir='ltr'>ministravit</span> <span class='ocrx_word' id='word_1_186' title='bbox 711 3566 743 3617; x_wconf 88' lang='lat' dir='ltr'>et</span> <span class='ocrx_word' id='word_1_187' title='bbox 764 3557 849 3616; x_wconf 95' lang='lat' dir='ltr'>sicut</span> 
     </span>
     <span class='ocr_line' id='line_1_33' title="bbox 456 3663 495 3705; baseline 0.051 -2"><span class='ocrx_word' id='word_1_188' title='bbox 456 3663 495 3705; x_wconf 74' lang='lat' dir='ltr'>isa</span> 
     </span>
    </p>
   </div>
   <div class='ocr_carea' id='block_1_4' title="bbox 0 0 1080 4174">
    <p class='ocr_par' dir='ltr' id='par_1_11' title="bbox 0 0 1080 4174">
     <span class='ocr_line' id='line_1_34' title="bbox 0 0 1080 4174; baseline 0 3"><span class='ocrx_word' id='word_1_189' title='bbox 0 0 1080 4174; x_wconf 95' lang='lat' dir='ltr'> </span> 
     </span>
    </p>
   </div>
  </div>
 </body>
</html>
