2118 4180
79 436 809 548 wammam&

105 625 131 687 O
151 626 230 687 mira
251 624 436 703 benignitas
455 624 600 702 magistri
622 626 655 686 in
677 636 742 687 tam
758 627 815 689 du·

72 741 132 784 rum
154 723 368 800 discipulum,
396 739 416 782 o
444 721 624 783 amicabilis
645 723 815 784 obsecutio

70 820 195 896 piissimi
212 819 346 881 Domini
363 819 397 879 in
413 835 545 878 servum
565 819 815 897 nequissimum,

70 917 116 994 qui
136 926 241 978 tantae
264 916 325 977 luit
346 915 495 991 duritiae,
516 925 552 975 ut
570 933 632 977 nec
652 917 816 978 familiari·

69 1025 124 1077 tate
157 1014 299 1077 convivii
335 1031 397 1075 nec
432 1015 633 1076 humanitate
665 1015 838 1094 obsequiis

69 1130 122 1174 nec
150 1113 309 1174 suavitate
340 1110 494 1189 colloquii
526 1128 545 1171 a
571 1130 631 1174 sua
659 1123 816 1191 concepta

69 1214 179 1274 malitia
199 1212 343 1291 potuerit
363 1211 490 1272 abduci.
914 1209 916 1214 '

104 1311 208 1373 Laudo
236 1319 270 1371 et
297 1308 479 1370 honorifico
506 1318 539 1368 te
560 1326 619 1384 pro
645 1310 742 1388 longo
765 1328 816 1371 ac·

69 1408 168 1469 cubitu
190 1408 290 1469 huius
311 1405 551 1466 sacratissimae
573 1406 680 1467 finalis
705 1425 816 1484 cenae,

69 1502 177 1582 inqua
197 1514 263 1570 tam
285 1505 387 1564 multa
408 1503 491 1564 mira
510 1505 643 1580 gessisti
673 1506 815 1567 caritatis
828 1523 851 1565 ro

71 1617 173 1680 opera,
203 1612 239 1663 ut
269 1603 309 1662 ad
339 1619 378 1662 ea
408 1601 504 1679 digne
532 1605 817 1665 commemoranda

71 1699 149 1759 nulla
169 1699 338 1760 sufficiunt
358 1708 506 1776 tempora
526 1701 579 1760 vel
601 1711 775 1762 momenta.

107 1797 209 1859 Laudo
231 1806 264 1858 et
285 1796 431 1874 glorifico
452 1805 495 1872 te,
518 1796 609 1873 lesu,
631 1800 817 1861 consolator

72 1893 197 1970 optime,
227 1895 406 1956 instructor
433 1894 628 1956 suavissime
657 1914 694 1957 ac
723 1899 816 1958 robo-

71 1998 148 2052 rator
159 1992 370 2068 validissime,
392 2008 450 2068 pro
465 1992 521 2052 illo
537 1993 656 2054 eximio
672 2003 704 2056 et
719 1997 815 2074 longo
826 2013 851 2055 rs

71 2087 233 2168 divinoque
256 2106 426 2165 sermone,
453 2089 550 2165 pleno
577 2091 719 2153 caritatis
741 2093 815 2170 igne

71 2195 98 2246 et
117 2189 295 2251 dulcedinis
317 2189 407 2264 lavo,
439 2205 536 2266 quem
559 2188 729 2265 discipulis
750 2190 816 2250 tuis

71 2293 134 2357 post
153 2286 308 2347 lotionem
330 2287 450 2363 pedum
473 2295 505 2346 et
528 2285 625 2346 Iudae
641 2287 816 2364 proditoris

71 2396 226 2443 recessum
262 2382 465 2443 lucidissima
497 2399 579 2443 voce
611 2385 815 2462 praedicasti,

70 2493 125 2553 quo
145 2480 249 2541 tristia
270 2481 416 2557 ipsorum
431 2489 564 2557 pectora
578 2483 761 2544 confortare
783 2493 852 2544 etao

70 2579 218 2639 consolari
250 2579 409 2639 adversus
439 2577 650 2640 imminentes
685 2580 816 2641 tribula·

69 2673 165 2737 tiones
192 2677 346 2739 studuisti
375 2693 467 2754 spem
497 2685 617 2738 certam
642 2680 682 2740 de
709 2696 816 2740 resur·

70 2774 203 2836 rectione
238 2785 294 2836 tua
332 2774 517 2852 pollicitans
560 2784 591 2836 et
626 2776 666 2836 de
702 2793 815 2836 eorum

70 2872 304 2934 confirmatione
322 2889 363 2932 ex
377 2872 518 2933 adventu
533 2872 690 2949 paracliti,
712 2874 752 2933 de
766 2890 816 2933 as·

71 2971 244 3047 sumptione
266 2971 411 3047 ipsorum
434 2971 551 3030 abhoc
570 2970 668 3031 exilio
690 2970 724 3029 in
746 2987 853 3030 cae-25

71 3063 175 3129 lestem
197 3068 298 3145 patris
319 3068 366 3129 tui
388 3067 592 3129 mansionem
619 3067 720 3128 multa
748 3068 817 3144 pul·

71 3162 220 3226 cherrima
238 3166 440 3226 contexendo
456 3165 595 3242 eloquia.
623 3163 672 3225 Ac
687 3164 816 3225 tandem

72 3256 99 3318 in
113 3261 173 3325 line
188 3263 287 3324 huius
302 3262 386 3323 sacri
398 3263 561 3323 sermonis
572 3279 687 3323 omnes
697 3261 818 3339 pariter

73 3355 133 3418 Deo
144 3361 223 3436 patri
234 3361 268 3421 in
278 3377 357 3420 vera
367 3360 475 3421 cordis
488 3360 610 3420 unione
626 3359 817 3421 fidelissime

72 3457 294 3518 commendasti
306 3458 534 3534 dicens:Volo,
544 3467 645 3535 pater,
656 3467 691 3518 ut
701 3474 854 3518 omnesao

73 3566 161 3613 unum
182 3555 259 3631 sint,
281 3555 366 3615 sicut
388 3565 419 3616 et
440 3573 501 3616 nos
523 3572 624 3616 unum
647 3572 772 3615 sumus.

421 3661 445 3702 51
679 3659 709 3701 a·
