<?xml version="1.0" encoding="UTF-8"?>
<!DOCTYPE html PUBLIC "-//W3C//DTD XHTML 1.0 Transitional//EN"
    "http://www.w3.org/TR/xhtml1/DTD/xhtml1-transitional.dtd">
<html xmlns="http://www.w3.org/1999/xhtml" xml:lang="en" lang="en">
 <head>
  <title>
</title>
<meta http-equiv="Content-Type" content="text/html;charset=utf-8" />
  <meta name='ocr-system' content='tesseract 3.04.00' />
  <meta name='ocr-capabilities' content='ocr_page ocr_carea ocr_par ocr_line ocrx_word'/>
</head>
<body>
  <div class='ocr_page' id='page_1' title='image "./thomaehemerkena02pohlgoog_0094.png"; bbox 0 0 2118 4180; ppageno 0'>
   <div class='ocr_carea' id='block_1_1' title="bbox 91 437 839 547">
    <p class='ocr_par' dir='ltr' id='par_1_1' title="bbox 91 437 839 547">
     <span class='ocr_line' id='line_1_1' title="bbox 91 437 839 547; baseline 0.001 -1"><span class='ocrx_word' id='word_1_1' title='bbox 91 437 839 547; x_wconf 42' lang='lat' dir='ltr'>Quam&amp;</span> 
     </span>
    </p>
   </div>
   <div class='ocr_carea' id='block_1_2' title="bbox 81 625 944 3529">
    <p class='ocr_par' dir='ltr' id='par_1_2' title="bbox 81 625 866 1464">
     <span class='ocr_line' id='line_1_2' title="bbox 124 625 841 702; baseline 0.001 -17"><span class='ocrx_word' id='word_1_2' title='bbox 124 626 293 687; x_wconf 83' lang='lat' dir='ltr'>Memento</span> <span class='ocrx_word' id='word_1_3' title='bbox 318 625 401 701; x_wconf 94' lang='lat' dir='ltr'>mei,</span> <span class='ocrx_word' id='word_1_4' title='bbox 429 634 540 685; x_wconf 89' lang='lat' dir='ltr'>sancte</span> <span class='ocrx_word' id='word_1_5' title='bbox 564 626 677 702; x_wconf 88' lang='lat' dir='ltr'>Petre,</span> <span class='ocrx_word' id='word_1_6' title='bbox 706 626 841 687; x_wconf 89' lang='lat' dir='ltr'>etmihi</span> 
     </span>
     <span class='ocr_line' id='line_1_3' title="bbox 84 722 843 800; baseline 0.003 -18"><span class='ocrx_word' id='word_1_7' title='bbox 84 723 187 800; x_wconf 78' lang='lat' dir='ltr'>fragili</span> <span class='ocrx_word' id='word_1_8' title='bbox 214 733 399 799; x_wconf 88' lang='lat' dir='ltr'>compatere</span> <span class='ocrx_word' id='word_1_9' title='bbox 423 722 584 799; x_wconf 88' lang='lat' dir='ltr'>peccatori</span> <span class='ocrx_word' id='word_1_10' title='bbox 609 723 721 784; x_wconf 91' lang='lat' dir='ltr'>multis</span> <span class='ocrx_word' id='word_1_11' title='bbox 739 723 843 800; x_wconf 89' lang='lat' dir='ltr'>gravi·</span> 
     </span>
     <span class='ocr_line' id='line_1_4' title="bbox 83 820 841 896; baseline 0.003 -17"><span class='ocrx_word' id='word_1_12' title='bbox 83 821 144 880; x_wconf 89' lang='lat' dir='ltr'>bus</span> <span class='ocrx_word' id='word_1_13' title='bbox 158 820 369 896; x_wconf 81' lang='lat' dir='ltr'>passionibus</span> <span class='ocrx_word' id='word_1_14' title='bbox 384 820 541 896; x_wconf 90' lang='lat' dir='ltr'>involuto,</span> <span class='ocrx_word' id='word_1_15' title='bbox 563 830 598 880; x_wconf 93' lang='lat' dir='ltr'>ut</span> <span class='ocrx_word' id='word_1_16' title='bbox 612 838 677 881; x_wconf 93' lang='lat' dir='ltr'>non</span> <span class='ocrx_word' id='word_1_17' title='bbox 694 838 841 881; x_wconf 88' lang='lat' dir='ltr'>corruam</span> 
     </span>
     <span class='ocr_line' id='line_1_5' title="bbox 83 917 844 978; baseline -0.001 -1"><span class='ocrx_word' id='word_1_18' title='bbox 83 918 143 977; x_wconf 91' lang='lat' dir='ltr'>sub</span> <span class='ocrx_word' id='word_1_19' title='bbox 166 934 268 978; x_wconf 91' lang='lat' dir='ltr'>onere</span> <span class='ocrx_word' id='word_1_20' title='bbox 289 917 442 978; x_wconf 90' lang='lat' dir='ltr'>vitiorum</span> <span class='ocrx_word' id='word_1_21' title='bbox 465 935 526 978; x_wconf 89' lang='lat' dir='ltr'>nec</span> <span class='ocrx_word' id='word_1_22' title='bbox 548 918 649 978; x_wconf 91' lang='lat' dir='ltr'>nimia</span> <span class='ocrx_word' id='word_1_23' title='bbox 670 918 844 977; x_wconf 88' lang='lat' dir='ltr'>absorbear</span> 
     </span>
     <span class='ocr_line' id='line_1_6' title="bbox 81 1013 866 1089; baseline -0.003 -16"><span class='ocrx_word' id='word_1_24' title='bbox 81 1013 214 1076; x_wconf 86' lang='lat' dir='ltr'>tristitia</span> <span class='ocrx_word' id='word_1_25' title='bbox 240 1024 314 1089; x_wconf 90' lang='lat' dir='ltr'>post</span> <span class='ocrx_word' id='word_1_26' title='bbox 339 1025 493 1076; x_wconf 94' lang='lat' dir='ltr'>eventum</span> <span class='ocrx_word' id='word_1_27' title='bbox 520 1016 689 1075; x_wconf 88' lang='lat' dir='ltr'>malorum.</span> <span class='ocrx_word' id='word_1_28' title='bbox 733 1015 866 1074; x_wconf 81' lang='lat' dir='ltr'>Habess</span> 
     </span>
     <span class='ocr_line' id='line_1_7' title="bbox 81 1111 842 1189; baseline 0 -19"><span class='ocrx_word' id='word_1_29' title='bbox 81 1111 171 1171; x_wconf 93' lang='lat' dir='ltr'>enim</span> <span class='ocrx_word' id='word_1_30' title='bbox 204 1113 465 1189; x_wconf 82' lang='lat' dir='ltr'>compassionem</span> <span class='ocrx_word' id='word_1_31' title='bbox 499 1112 618 1173; x_wconf 90' lang='lat' dir='ltr'>ceteris</span> <span class='ocrx_word' id='word_1_32' title='bbox 652 1111 842 1187; x_wconf 89' lang='lat' dir='ltr'>ampliorem</span> 
     </span>
     <span class='ocr_line' id='line_1_8' title="bbox 81 1209 843 1287; baseline -0.001 -18"><span class='ocrx_word' id='word_1_33' title='bbox 81 1227 157 1269; x_wconf 93' lang='lat' dir='ltr'>cum</span> <span class='ocrx_word' id='word_1_34' title='bbox 191 1210 260 1286; x_wconf 91' lang='lat' dir='ltr'>his,</span> <span class='ocrx_word' id='word_1_35' title='bbox 296 1211 350 1287; x_wconf 93' lang='lat' dir='ltr'>qui</span> <span class='ocrx_word' id='word_1_36' title='bbox 382 1211 524 1287; x_wconf 84' lang='lat' dir='ltr'>prolapsi</span> <span class='ocrx_word' id='word_1_37' title='bbox 556 1219 649 1284; x_wconf 89' lang='lat' dir='ltr'>sunt,</span> <span class='ocrx_word' id='word_1_38' title='bbox 684 1218 716 1268; x_wconf 90' lang='lat' dir='ltr'>et</span> <span class='ocrx_word' id='word_1_39' title='bbox 747 1209 843 1285; x_wconf 88' lang='lat' dir='ltr'>nosti,</span> 
     </span>
     <span class='ocr_line' id='line_1_9' title="bbox 82 1305 843 1383; baseline -0.001 -16"><span class='ocrx_word' id='word_1_40' title='bbox 82 1317 205 1383; x_wconf 91' lang='lat' dir='ltr'>quanta</span> <span class='ocrx_word' id='word_1_41' title='bbox 235 1308 397 1368; x_wconf 90' lang='lat' dir='ltr'>Dominus</span> <span class='ocrx_word' id='word_1_42' title='bbox 428 1306 653 1368; x_wconf 87' lang='lat' dir='ltr'>misericordia</span> <span class='ocrx_word' id='word_1_43' title='bbox 682 1305 739 1365; x_wconf 93' lang='lat' dir='ltr'>tibi</span> <span class='ocrx_word' id='word_1_44' title='bbox 769 1307 843 1366; x_wconf 93' lang='lat' dir='ltr'>sub·</span> 
     </span>
     <span class='ocr_line' id='line_1_10' title="bbox 82 1404 184 1464; baseline 0 0"><span class='ocrx_word' id='word_1_45' title='bbox 82 1404 184 1464; x_wconf 91' lang='lat' dir='ltr'>venit.</span> 
     </span>
    </p>

    <p class='ocr_par' dir='ltr' id='par_1_3' title="bbox 82 1501 881 2260">
     <span class='ocr_line' id='line_1_11' title="bbox 123 1501 880 1579; baseline -0.005 -17"><span class='ocrx_word' id='word_1_46' title='bbox 123 1502 289 1563; x_wconf 89' lang='lat' dir='ltr'>Succurre</span> <span class='ocrx_word' id='word_1_47' title='bbox 311 1520 398 1579; x_wconf 92' lang='lat' dir='ltr'>ergo,</span> <span class='ocrx_word' id='word_1_48' title='bbox 420 1503 472 1578; x_wconf 90' lang='lat' dir='ltr'>pie</span> <span class='ocrx_word' id='word_1_49' title='bbox 494 1512 613 1579; x_wconf 89' lang='lat' dir='ltr'>pastor,</span> <span class='ocrx_word' id='word_1_50' title='bbox 635 1501 754 1562; x_wconf 88' lang='lat' dir='ltr'>erranti</span> <span class='ocrx_word' id='word_1_51' title='bbox 777 1503 880 1562; x_wconf 86' lang='lat' dir='ltr'>ovi-ro</span> 
     </span>
     <span class='ocr_line' id='line_1_12' title="bbox 84 1599 844 1676; baseline 0 -17"><span class='ocrx_word' id='word_1_52' title='bbox 84 1602 188 1676; x_wconf 89' lang='lat' dir='ltr'>culae,</span> <span class='ocrx_word' id='word_1_53' title='bbox 204 1601 338 1660; x_wconf 85' lang='lat' dir='ltr'>extrahe</span> <span class='ocrx_word' id='word_1_54' title='bbox 350 1601 475 1676; x_wconf 88' lang='lat' dir='ltr'>lapsum</span> <span class='ocrx_word' id='word_1_55' title='bbox 488 1600 528 1660; x_wconf 93' lang='lat' dir='ltr'>de</span> <span class='ocrx_word' id='word_1_56' title='bbox 543 1599 631 1659; x_wconf 96' lang='lat' dir='ltr'>omni</span> <span class='ocrx_word' id='word_1_57' title='bbox 648 1599 754 1674; x_wconf 89' lang='lat' dir='ltr'>sorde,</span> <span class='ocrx_word' id='word_1_58' title='bbox 769 1617 844 1659; x_wconf 91' lang='lat' dir='ltr'>con-</span> 
     </span>
     <span class='ocr_line' id='line_1_13' title="bbox 84 1697 845 1773; baseline -0.003 -15"><span class='ocrx_word' id='word_1_59' title='bbox 84 1699 193 1758; x_wconf 88' lang='lat' dir='ltr'>solare</span> <span class='ocrx_word' id='word_1_60' title='bbox 215 1698 360 1773; x_wconf 90' lang='lat' dir='ltr'>tristem,</span> <span class='ocrx_word' id='word_1_61' title='bbox 382 1697 538 1757; x_wconf 85' lang='lat' dir='ltr'>confirma</span> <span class='ocrx_word' id='word_1_62' title='bbox 560 1697 714 1772; x_wconf 91' lang='lat' dir='ltr'>pusillum</span> <span class='ocrx_word' id='word_1_63' title='bbox 737 1697 845 1772; x_wconf 89' lang='lat' dir='ltr'>corde,</span> 
     </span>
     <span class='ocr_line' id='line_1_14' title="bbox 83 1795 845 1872; baseline 0.003 -18"><span class='ocrx_word' id='word_1_64' title='bbox 83 1803 220 1872; x_wconf 92' lang='lat' dir='ltr'>protege</span> <span class='ocrx_word' id='word_1_65' title='bbox 249 1796 288 1856; x_wconf 89' lang='lat' dir='ltr'>ab</span> <span class='ocrx_word' id='word_1_66' title='bbox 316 1795 519 1870; x_wconf 89' lang='lat' dir='ltr'>adversario,</span> <span class='ocrx_word' id='word_1_67' title='bbox 549 1795 674 1856; x_wconf 90' lang='lat' dir='ltr'>custodi</span> <span class='ocrx_word' id='word_1_68' title='bbox 699 1813 717 1855; x_wconf 90' lang='lat' dir='ltr'>a</span> <span class='ocrx_word' id='word_1_69' title='bbox 739 1795 845 1856; x_wconf 92' lang='lat' dir='ltr'>multi·</span> 
     </span>
     <span class='ocr_line' id='line_1_15' title="bbox 82 1893 843 1970; baseline 0.003 -18"><span class='ocrx_word' id='word_1_70' title='bbox 82 1893 161 1969; x_wconf 89' lang='lat' dir='ltr'>plici</span> <span class='ocrx_word' id='word_1_71' title='bbox 193 1895 311 1970; x_wconf 87' lang='lat' dir='ltr'>laqueo</span> <span class='ocrx_word' id='word_1_72' title='bbox 341 1903 373 1954; x_wconf 95' lang='lat' dir='ltr'>et</span> <span class='ocrx_word' id='word_1_73' title='bbox 403 1894 525 1970; x_wconf 91' lang='lat' dir='ltr'>perduc</span> <span class='ocrx_word' id='word_1_74' title='bbox 560 1904 668 1954; x_wconf 89' lang='lat' dir='ltr'>tecum</span> <span class='ocrx_word' id='word_1_75' title='bbox 704 1893 843 1954; x_wconf 88' lang='lat' dir='ltr'>animam</span> 
     </span>
     <span class='ocr_line' id='line_1_16' title="bbox 85 1989 881 2067; baseline 0 -17"><span class='ocrx_word' id='word_1_76' title='bbox 85 1991 207 2066; x_wconf 86' lang='lat' dir='ltr'>fratris,</span> <span class='ocrx_word' id='word_1_77' title='bbox 229 2007 286 2066; x_wconf 93' lang='lat' dir='ltr'>pro</span> <span class='ocrx_word' id='word_1_78' title='bbox 302 2008 366 2067; x_wconf 94' lang='lat' dir='ltr'>qua</span> <span class='ocrx_word' id='word_1_79' title='bbox 387 2001 536 2051; x_wconf 91' lang='lat' dir='ltr'>mortuus</span> <span class='ocrx_word' id='word_1_80' title='bbox 557 2001 608 2051; x_wconf 91' lang='lat' dir='ltr'>est</span> <span class='ocrx_word' id='word_1_81' title='bbox 624 1989 789 2066; x_wconf 90' lang='lat' dir='ltr'>Christus,</span> <span class='ocrx_word' id='word_1_82' title='bbox 811 1991 843 2050; x_wconf 95' lang='lat' dir='ltr'>in</span> <span class='ocrx_word' id='word_1_83' title='bbox 857 2001 881 2042; x_wconf 83' lang='lat'>1⁵</span> 
     </span>
     <span class='ocr_line' id='line_1_17' title="bbox 83 2088 847 2165; baseline 0 -17"><span class='ocrx_word' id='word_1_84' title='bbox 83 2105 223 2165; x_wconf 91' lang='lat' dir='ltr'>regnum</span> <span class='ocrx_word' id='word_1_85' title='bbox 240 2105 401 2164; x_wconf 87' lang='lat' dir='ltr'>supernae</span> <span class='ocrx_word' id='word_1_86' title='bbox 418 2088 591 2163; x_wconf 82' lang='lat' dir='ltr'>felicitatis,</span> <span class='ocrx_word' id='word_1_87' title='bbox 609 2088 663 2148; x_wconf 93' lang='lat' dir='ltr'>ubi</span> <span class='ocrx_word' id='word_1_88' title='bbox 679 2098 713 2149; x_wconf 95' lang='lat' dir='ltr'>tu</span> <span class='ocrx_word' id='word_1_89' title='bbox 729 2089 847 2149; x_wconf 88' lang='lat' dir='ltr'>ianitor</span> 
     </span>
     <span class='ocr_line' id='line_1_18' title="bbox 83 2185 441 2260; baseline 0.003 -16"><span class='ocrx_word' id='word_1_90' title='bbox 83 2194 118 2244; x_wconf 94' lang='lat' dir='ltr'>et</span> <span class='ocrx_word' id='word_1_91' title='bbox 140 2185 295 2260; x_wconf 88' lang='lat' dir='ltr'>princeps</span> <span class='ocrx_word' id='word_1_92' title='bbox 317 2185 441 2245; x_wconf 88' lang='lat' dir='ltr'>existis.</span> 
     </span>
    </p>

    <p class='ocr_par' dir='ltr' id='par_1_4' title="bbox 84 2282 944 3529">
     <span class='ocr_line' id='line_1_19' title="bbox 128 2282 845 2360; baseline 0.001 -18"><span class='ocrx_word' id='word_1_93' title='bbox 128 2282 204 2358; x_wconf 89' lang='lat' dir='ltr'>Sed,</span> <span class='ocrx_word' id='word_1_94' title='bbox 219 2299 237 2342; x_wconf 94' lang='lat' dir='ltr'>o</span> <span class='ocrx_word' id='word_1_95' title='bbox 254 2284 338 2343; x_wconf 89' lang='lat' dir='ltr'>bone</span> <span class='ocrx_word' id='word_1_96' title='bbox 349 2300 385 2343; x_wconf 90' lang='lat' dir='ltr'>ac</span> <span class='ocrx_word' id='word_1_97' title='bbox 397 2283 654 2343; x_wconf 88' lang='lat' dir='ltr'>clementissime</span> <span class='ocrx_word' id='word_1_98' title='bbox 667 2283 752 2358; x_wconf 90' lang='lat' dir='ltr'>Iesu,</span> <span class='ocrx_word' id='word_1_99' title='bbox 769 2301 845 2360; x_wconf 94' lang='lat' dir='ltr'>rogo</span> 
     </span>
     <span class='ocr_line' id='line_1_20' title="bbox 84 2378 847 2457; baseline 0.001 -18"><span class='ocrx_word' id='word_1_100' title='bbox 84 2389 118 2439; x_wconf 89' lang='lat' dir='ltr'>te</span> <span class='ocrx_word' id='word_1_101' title='bbox 142 2378 266 2440; x_wconf 89' lang='lat' dir='ltr'>intimis</span> <span class='ocrx_word' id='word_1_102' title='bbox 288 2380 456 2456; x_wconf 90' lang='lat' dir='ltr'>suspiriis,</span> <span class='ocrx_word' id='word_1_103' title='bbox 486 2381 613 2457; x_wconf 90' lang='lat' dir='ltr'>respice</span> <span class='ocrx_word' id='word_1_104' title='bbox 641 2381 673 2440; x_wconf 93' lang='lat' dir='ltr'>in</span> <span class='ocrx_word' id='word_1_105' title='bbox 696 2398 748 2441; x_wconf 90' lang='lat' dir='ltr'>me</span> <span class='ocrx_word' id='word_1_106' title='bbox 770 2381 847 2457; x_wconf 92' lang='lat' dir='ltr'>piis-</span> 
     </span>
     <span class='ocr_line' id='line_1_21' title="bbox 85 2477 883 2554; baseline 0.001 -18"><span class='ocrx_word' id='word_1_107' title='bbox 85 2477 182 2537; x_wconf 91' lang='lat' dir='ltr'>simis</span> <span class='ocrx_word' id='word_1_108' title='bbox 210 2477 276 2537; x_wconf 91' lang='lat' dir='ltr'>illis</span> <span class='ocrx_word' id='word_1_109' title='bbox 305 2478 426 2553; x_wconf 90' lang='lat' dir='ltr'>oculis,</span> <span class='ocrx_word' id='word_1_110' title='bbox 461 2478 581 2554; x_wconf 92' lang='lat' dir='ltr'>quibus</span> <span class='ocrx_word' id='word_1_111' title='bbox 613 2479 744 2539; x_wconf 89' lang='lat' dir='ltr'>Petrum</span> <span class='ocrx_word' id='word_1_112' title='bbox 774 2489 883 2553; x_wconf 70' lang='lat' dir='ltr'>posta]</span> 
     </span>
     <span class='ocr_line' id='line_1_22' title="bbox 85 2573 847 2650; baseline 0.001 -16"><span class='ocrx_word' id='word_1_113' title='bbox 85 2573 294 2650; x_wconf 88' lang='lat' dir='ltr'>negationem</span> <span class='ocrx_word' id='word_1_114' title='bbox 330 2574 377 2634; x_wconf 92' lang='lat' dir='ltr'>tui</span> <span class='ocrx_word' id='word_1_115' title='bbox 414 2575 606 2650; x_wconf 87' lang='lat' dir='ltr'>respexisti,</span> <span class='ocrx_word' id='word_1_116' title='bbox 646 2585 678 2635; x_wconf 94' lang='lat' dir='ltr'>et</span> <span class='ocrx_word' id='word_1_117' title='bbox 716 2584 847 2635; x_wconf 90' lang='lat' dir='ltr'>sanctae</span> 
     </span>
     <span class='ocr_line' id='line_1_23' title="bbox 86 2672 847 2748; baseline 0.001 -17"><span class='ocrx_word' id='word_1_118' title='bbox 86 2672 351 2747; x_wconf 91' lang='lat' dir='ltr'>compunctionis</span> <span class='ocrx_word' id='word_1_119' title='bbox 381 2672 515 2748; x_wconf 84' lang='lat' dir='ltr'>gratiam</span> <span class='ocrx_word' id='word_1_120' title='bbox 551 2672 631 2732; x_wconf 94' lang='lat' dir='ltr'>mihi</span> <span class='ocrx_word' id='word_1_121' title='bbox 668 2672 765 2732; x_wconf 89' lang='lat' dir='ltr'>citius</span> <span class='ocrx_word' id='word_1_122' title='bbox 800 2672 847 2731; x_wconf 94' lang='lat' dir='ltr'>in-</span> 
     </span>
     <span class='ocr_line' id='line_1_24' title="bbox 88 2769 847 2846; baseline 0 -16"><span class='ocrx_word' id='word_1_123' title='bbox 88 2770 190 2830; x_wconf 85' lang='lat' dir='ltr'>funde</span> <span class='ocrx_word' id='word_1_124' title='bbox 212 2769 250 2829; x_wconf 90' lang='lat' dir='ltr'>ad</span> <span class='ocrx_word' id='word_1_125' title='bbox 273 2770 480 2845; x_wconf 90' lang='lat' dir='ltr'>abluendum,</span> <span class='ocrx_word' id='word_1_126' title='bbox 504 2769 660 2846; x_wconf 90' lang='lat' dir='ltr'>quidquid</span> <span class='ocrx_word' id='word_1_127' title='bbox 683 2780 795 2830; x_wconf 88' lang='lat' dir='ltr'>contra</span> <span class='ocrx_word' id='word_1_128' title='bbox 816 2780 847 2830; x_wconf 96' lang='lat' dir='ltr'>te</span> 
     </span>
     <span class='ocr_line' id='line_1_25' title="bbox 88 2866 846 2944; baseline 0.001 -17"><span class='ocrx_word' id='word_1_129' title='bbox 88 2877 206 2944; x_wconf 90' lang='lat' dir='ltr'>sponte</span> <span class='ocrx_word' id='word_1_130' title='bbox 242 2884 300 2927; x_wconf 90' lang='lat' dir='ltr'>seu</span> <span class='ocrx_word' id='word_1_131' title='bbox 336 2867 548 2943; x_wconf 82' lang='lat' dir='ltr'>neglegenter</span> <span class='ocrx_word' id='word_1_132' title='bbox 578 2867 710 2944; x_wconf 88' lang='lat' dir='ltr'>deliqui.</span> <span class='ocrx_word' id='word_1_133' title='bbox 762 2866 846 2928; x_wconf 80' lang='lat' dir='ltr'>nudi</span> 
     </span>
     <span class='ocr_line' id='line_1_26' title="bbox 87 2952 944 3042; baseline -0.004 -16"><span class='ocrx_word' id='word_1_134' title='bbox 87 2965 245 3042; x_wconf 91' lang='lat' dir='ltr'>gemitum</span> <span class='ocrx_word' id='word_1_135' title='bbox 278 2965 385 3026; x_wconf 90' lang='lat' dir='ltr'>cordis</span> <span class='ocrx_word' id='word_1_136' title='bbox 414 2966 495 3041; x_wconf 89' lang='lat' dir='ltr'>mei,</span> <span class='ocrx_word' id='word_1_137' title='bbox 526 2984 605 3026; x_wconf 88' lang='lat' dir='ltr'>sana</span> <span class='ocrx_word' id='word_1_138' title='bbox 635 2966 884 3027; x_wconf 78' lang='lat' dir='ltr'>contritioneszs</span> <span class='ocrx_word' id='word_1_139' title='bbox 943 2952 944 2956; x_wconf 57' lang='grc'>’</span> 
     </span>
     <span class='ocr_line' id='line_1_27' title="bbox 88 3063 848 3139; baseline -0.003 -15"><span class='ocrx_word' id='word_1_140' title='bbox 88 3064 193 3124; x_wconf 88' lang='lat' dir='ltr'>malae</span> <span class='ocrx_word' id='word_1_141' title='bbox 220 3063 457 3139; x_wconf 88' lang='lat' dir='ltr'>conscientiae,</span> <span class='ocrx_word' id='word_1_142' title='bbox 484 3064 583 3124; x_wconf 88' lang='lat' dir='ltr'>redde</span> <span class='ocrx_word' id='word_1_143' title='bbox 609 3065 719 3123; x_wconf 90' lang='lat' dir='ltr'>lumen</span> <span class='ocrx_word' id='word_1_144' title='bbox 744 3080 848 3123; x_wconf 92' lang='lat' dir='ltr'>novae</span> 
     </span>
     <span class='ocr_line' id='line_1_28' title="bbox 87 3159 849 3239; baseline -0.003 -18"><span class='ocrx_word' id='word_1_145' title='bbox 87 3161 221 3239; x_wconf 90' lang='lat' dir='ltr'>gratiae,</span> <span class='ocrx_word' id='word_1_146' title='bbox 242 3176 303 3220; x_wconf 90' lang='lat' dir='ltr'>nec</span> <span class='ocrx_word' id='word_1_147' title='bbox 320 3159 404 3220; x_wconf 89' lang='lat' dir='ltr'>velis</span> <span class='ocrx_word' id='word_1_148' title='bbox 419 3161 559 3221; x_wconf 88' lang='lat' dir='ltr'>animam</span> <span class='ocrx_word' id='word_1_149' title='bbox 576 3160 724 3237; x_wconf 90' lang='lat' dir='ltr'>deperire</span> <span class='ocrx_word' id='word_1_150' title='bbox 740 3160 849 3236; x_wconf 93' lang='lat' dir='ltr'>paeni·</span> 
     </span>
     <span class='ocr_line' id='line_1_29' title="bbox 88 3257 848 3333; baseline -0.003 -15"><span class='ocrx_word' id='word_1_151' title='bbox 88 3257 206 3333; x_wconf 89' lang='lat' dir='ltr'>tentis,</span> <span class='ocrx_word' id='word_1_152' title='bbox 233 3274 291 3333; x_wconf 93' lang='lat' dir='ltr'>pro</span> <span class='ocrx_word' id='word_1_153' title='bbox 313 3274 377 3333; x_wconf 92' lang='lat' dir='ltr'>qua</span> <span class='ocrx_word' id='word_1_154' title='bbox 398 3257 587 3317; x_wconf 90' lang='lat' dir='ltr'>redimenda</span> <span class='ocrx_word' id='word_1_155' title='bbox 608 3257 719 3317; x_wconf 91' lang='lat' dir='ltr'>multis</span> <span class='ocrx_word' id='word_1_156' title='bbox 741 3266 773 3316; x_wconf 93' lang='lat' dir='ltr'>te</span> <span class='ocrx_word' id='word_1_157' title='bbox 795 3274 848 3316; x_wconf 86' lang='lat' dir='ltr'>ex·</span> 
     </span>
     <span class='ocr_line' id='line_1_30' title="bbox 89 3354 846 3432; baseline -0.001 -17"><span class='ocrx_word' id='word_1_158' title='bbox 89 3354 228 3432; x_wconf 91' lang='lat' dir='ltr'>posuisti</span> <span class='ocrx_word' id='word_1_159' title='bbox 252 3355 419 3415; x_wconf 93' lang='lat' dir='ltr'>doloribus</span> <span class='ocrx_word' id='word_1_160' title='bbox 448 3365 479 3415; x_wconf 90' lang='lat' dir='ltr'>et</span> <span class='ocrx_word' id='word_1_161' title='bbox 507 3355 637 3415; x_wconf 92' lang='lat' dir='ltr'>iniuriis</span> <span class='ocrx_word' id='word_1_162' title='bbox 659 3372 695 3415; x_wconf 89' lang='lat' dir='ltr'>ac</span> <span class='ocrx_word' id='word_1_163' title='bbox 718 3354 846 3415; x_wconf 92' lang='lat' dir='ltr'>tandem</span> 
     </span>
     <span class='ocr_line' id='line_1_31' title="bbox 90 3453 884 3529; baseline -0.001 -16"><span class='ocrx_word' id='word_1_164' title='bbox 90 3454 223 3514; x_wconf 92' lang='lat' dir='ltr'>horrido</span> <span class='ocrx_word' id='word_1_165' title='bbox 246 3453 406 3529; x_wconf 89' lang='lat' dir='ltr'>supplicio</span> <span class='ocrx_word' id='word_1_166' title='bbox 430 3454 546 3514; x_wconf 89' lang='lat' dir='ltr'>crucis.</span> <span class='ocrx_word' id='word_1_167' title='bbox 857 3471 884 3512; x_wconf 84' lang='lat' dir='ltr'>ao</span> 
     </span>
    </p>
   </div>
   <div class='ocr_carea' id='block_1_3' title="bbox 457 3624 556 3696">
    <p class='ocr_par' dir='ltr' id='par_1_5' title="bbox 457 3624 556 3696">
     <span class='ocr_line' id='line_1_32' title="bbox 457 3624 556 3696; baseline 0.01 -1"><span class='ocrx_word' id='word_1_168' title='bbox 457 3624 556 3696; x_wconf 29' lang='lat'>75*</span> 
     </span>
    </p>
   </div>
   <div class='ocr_carea' id='block_1_4' title="bbox 0 0 1073 4180">
    <p class='ocr_par' dir='ltr' id='par_1_6' title="bbox 0 0 1073 4180">
     <span class='ocr_line' id='line_1_33' title="bbox 0 0 1073 4180; baseline 0 0"><span class='ocrx_word' id='word_1_169' title='bbox 0 0 1073 4180; x_wconf 95' lang='lat' dir='ltr'> </span> 
     </span>
    </p>
   </div>
  </div>
 </body>
</html>
