2152 4174
252 419 1000 529 Qffitaaffiffl

243 618 296 668 tur
326 608 414 667 iuxta
444 623 575 668 crucem
606 607 819 667 constantiam
851 624 1003 683 servans,

243 705 430 782 patientiam
453 714 588 781 tenenS,
618 704 806 766 fidelitatem
828 706 1003 780 exhibens,

244 803 410 863 caritatem
434 803 672 878 demonstrans,
700 803 815 863 mortis
836 819 903 862 non
927 804 1003 863 hor-

244 917 320 960 rens
351 899 529 960 minatores
560 917 621 960 nec
649 901 883 960 maledicorum
913 901 1003 961 relu-

220 997 336 1074 sgiens
367 997 606 1073 despectiones.
658 998 731 1057 Fert
762 998 1004 1074 aequanimiter

243 1096 352 1157 omnia
380 1106 412 1156 et
440 1094 646 1155 conformare
675 1111 711 1155 se
740 1096 848 1156 studet
882 1096 1001 1156 humili

243 1194 309 1254 lilio
341 1191 545 1254 saevissimis
575 1193 725 1253 hostibus
753 1191 835 1252 nihil
864 1209 1003 1268 respon·

243 1291 359 1351 dendo.
402 1291 517 1350 Nullas
546 1290 727 1350 insolentes
755 1289 873 1349 emittit
899 1306 1003 1350 voces

243 1405 304 1449 nec
327 1388 511 1465 indignatos
533 1387 676 1448 ostendit
697 1396 816 1462 motus,
845 1386 904 1446 sed
927 1404 1003 1463 pro·

208 1486 362 1552 rotundos
384 1485 482 1546 trahit
502 1485 654 1561 gemitus,
677 1484 732 1545 flet
753 1501 879 1559 amare,
911 1484 1003 1545 dolet

242 1585 347 1660 anxie,
369 1583 563 1660 compatitur
578 1583 702 1658 intime,
717 1581 872 1658 affligitur
886 1582 1002 1643 nimie.

243 1681 317 1740 Non
349 1681 500 1741 irascitur
534 1679 799 1755 crucifixoribus,
835 1679 893 1739 sed
930 1691 1003 1740 orat

242 1795 300 1854 pro
322 1778 590 1856 malignantibuS,
618 1777 765 1837 tristatur
793 1794 851 1853 pro
874 1778 1002 1838 deriso·

242 1875 332 1935 ribus
347 1885 379 1935 et
393 1875 493 1960 gemit
510 1893 568 1952 pro
583 1875 885 1952 blasphemantibus
901 1875 1002 1937 Chri·
1059 1915 1060 1946 ;

208 1983 339 2033 tastum.
388 1973 442 2034 Sic
473 1973 576 2032 stabat
612 1972 701 2032 iuxta
731 1987 861 2032 crucem
894 1982 1002 2034 mater
1059 1965 1060 1968 ’

243 2070 316 2130 lesu
339 2069 482 2130 lacrimis
504 2070 660 2146 allluens,
687 2069 814 2130 cunctis
835 2068 1002 2130 tribulatis

241 2167 398 2228 solacium
438 2168 613 2244 patientiae
653 2185 713 2226 suo
745 2167 813 2226 miti
846 2168 1000 2243 exemplo

241 2264 404 2341 ingerens.

282 2361 311 2423 Ο
333 2379 393 2422 vos
415 2379 547 2437 omnes,
576 2361 631 2438 qui
654 2361 801 2421 transitis
829 2378 889 2437 per
911 2362 999 2423 viam
1060 2369 1061 2376 ’

204 2459 417 2534 aocalvariae,
443 2459 597 2536 respicite
618 2459 657 2519 ad
680 2460 863 2520 dolorosam
888 2462 1001 2521 statio·

240 2573 315 2618 nem
339 2566 470 2618 sanctae
492 2557 627 2618 Mariae.
670 2556 837 2617 Attendite
864 2558 904 2617 ad
927 2576 1001 2619 cru-

240 2655 288 2715 cis
310 2655 475 2715 dexteram
505 2664 538 2714 et
563 2654 672 2715 videte
695 2654 833 2715 Mariam
857 2654 1001 2716 Christi-

240 2753 354 2828 fcram,
375 2771 415 2814 an
438 2752 480 2813 sit
502 2753 594 2812 dolor
616 2752 734 2812 similis
756 2752 859 2812 dolori
882 2752 1000 2829 ipsiuS,

240 2849 267 2910 si
292 2849 351 2909 luit
373 2850 545 2926 aliquando
574 2849 648 2910 talis
670 2859 773 2910 mater
801 2850 833 2909 in
864 2851 1001 2925 mundo,

202 2964 324 3023 asquae
354 2956 442 3007 tanta
472 2946 605 3007 caritate
636 2962 808 3023 compassa
843 2957 894 3007 est
930 2947 999 3008 lilio

241 3061 311 3106 suo.
364 3044 446 3104 Nam
483 3061 542 3120 per
577 3044 704 3121 singula
740 3044 814 3105 lesu
851 3046 1000 3105 membra

240 3152 323 3203 torta
345 3142 415 3218 ipsa
437 3141 732 3202 convulnerabatur
762 3142 794 3202 in
827 3143 936 3202 anima
967 3153 1000 3205 et

240 3239 360 3316 totiens
382 3249 505 3316 martyr
520 3238 733 3315 efficiebatur,
755 3240 908 3316 quotiens
926 3258 1000 3301 cru·

240 3344 316 3396 enta
338 3335 394 3396 lilii
417 3337 568 3414 stigmata
590 3338 879 3412 contemplabatur.

203 3452 230 3493 ao
280 3433 364 3494 Vide
381 3450 458 3511 ergo
474 3450 571 3509 nunc,
593 3434 701 3494 anima
715 3435 842 3510 devota,
865 3445 900 3495 ut
915 3437 999 3496 haec

240 3531 327 3592 intus
350 3532 508 3592 recondas
528 3540 669 3606 pectore.
699 3531 752 3592 Sis
767 3532 856 3591 mitis
878 3542 911 3593 et
935 3533 1000 3593 lor·

531 3638 536 3648 ·
601 3635 641 3676 rsa
