2194 4180
251 587 419 664 allegando
440 587 542 662 bona,
572 585 739 646 reticendo
761 585 854 645 mala
898 584 1001 644 Lacri-

250 694 359 744 mante
390 683 496 744 Nlaria
525 700 625 760 super
657 683 777 742 Lazaro
813 681 912 742 fratre
943 699 1001 742 soo

250 791 378 843 mortuo
400 790 432 841 et
454 782 581 858 sepulto
601 781 788 841 lacrimatus
810 797 943 841 escum
965 797 1002 840 ea

249 880 379 941 afflictis
401 879 515 942 amicis
543 879 761 954 condolendo,
789 877 888 938 itaut
911 878 1001 938 multi

132 999 133 1008 ¹
226 977 410 1039 sdicerent:
443 979 527 1038 Ecce
561 978 724 1054 quomodo
759 978 885 1037 amabat
916 994 1001 1037 eum.

249 1075 278 1137 Ο
301 1093 397 1153 quam
420 1077 524 1135 bonae
554 1075 658 1136 lamae
680 1084 712 1136 et
733 1078 891 1137 honestae
917 1075 1001 1137 vitae

249 1173 309 1234 luit
339 1174 480 1233 Lazarus
507 1173 588 1248 iste,
618 1190 715 1249 quem
745 1174 870 1233 amabat
899 1173 1002 1249 lesus,

248 1270 325 1331 dum
348 1269 483 1345 viveret,
505 1286 603 1345 quem
619 1270 799 1346 suscitavit,
821 1288 894 1331 cum
918 1288 1002 1332 mor-

248 1379 324 1428 tuus
346 1378 451 1443 esset,
482 1385 556 1428 cum
579 1386 644 1446 quo
674 1367 818 1443 cenavit,
849 1385 924 1428 cum
954 1385 1002 1428 re-

214 1464 426 1528 rosuscitatus
449 1464 575 1526 luisset.

289 1559 318 1621 O
342 1560 393 1637 pie
417 1561 502 1637 lesu,
524 1563 616 1623 dator
637 1571 668 1622 et
688 1572 914 1623 remunerator
935 1581 1003 1624 om-

247 1659 337 1718 nium
369 1660 547 1735 bonorum,
578 1676 643 1720 non
676 1677 712 1720 es
744 1661 864 1721 oblitus
896 1661 1003 1722 lidelis

247 1756 373 1817 servitii
405 1756 437 1817 in
469 1758 603 1817 castello
634 1758 760 1818 Mariae
791 1767 822 1818 et
851 1758 1002 1818 Marthae

248 1853 379 1930 saepius
401 1854 457 1914 tibi
481 1854 573 1929 lacti,
605 1856 663 1916 sed
692 1873 751 1932 pro
780 1855 907 1933 exiguis
936 1873 1002 1916 am·

213 1951 351 2029 rspliora
372 1952 550 2028 rependisti
573 1953 743 2029 beneficia,
770 1970 829 2029 pro
852 1969 1003 2029 corpora·

248 2048 333 2108 libus
355 2048 545 2125 spiritualia,
566 2066 625 2125 pro
647 2049 844 2110 transitoriis
858 2059 1001 2110 aeterna.

249 2145 337 2222 Quid
359 2146 444 2206 ultra
465 2147 598 2207 dicam?
640 2148 746 2208 Nemo
768 2157 876 2225 potest
904 2147 1002 2208 facile

247 2244 356 2304 dicere
378 2260 439 2304 nec
462 2246 742 2320 comprehendere
772 2246 881 2306 omnia
902 2247 1002 2307 bene-

248 2341 320 2402 ficia
340 2351 395 2402 tua
416 2341 605 2402 hominibus
627 2343 700 2404 data
715 2360 822 2419 neque
837 2343 893 2403 illa
907 2342 1002 2420 signa

210 2446 278 2497 zoet
299 2437 456 2498 miracula
476 2439 681 2500 sufficienter
701 2441 894 2517 excogitare,
916 2459 1002 2518 quae

248 2535 354 2596 lecisti
377 2535 410 2595 in
434 2535 592 2613 Galilaea,
617 2538 650 2597 in
673 2538 853 2614 Nazareth,
881 2539 915 2598 in
938 2539 1003 2600 Be·

246 2633 372 2708 thania,
403 2632 435 2692 in
468 2634 663 2710 Ierusalem,
693 2635 726 2695 in
754 2636 873 2696 iudaea
903 2647 935 2697 et
965 2637 1000 2698 in
1083 2655 1084 2700 ι

246 2731 334 2791 omni
357 2731 490 2808 regione
511 2740 617 2792 terrae
633 2743 763 2794 sanctae
778 2751 887 2794 coram
910 2736 1002 2796 omni

245 2828 365 2903 populo
387 2838 419 2887 et
441 2827 610 2904 discipulis
632 2830 697 2890 tuis
719 2831 752 2890 in
774 2832 1001 2894 testimonium

209 2924 392 2987 asveritatis
414 2926 452 2985 ad
476 2927 674 2988 credendum
697 2928 754 2988 tibi
783 2929 817 2990 in
847 2931 1003 2992 omnibus

246 3021 355 3083 verbis
384 3031 415 3082 et
444 3022 538 3083 factis
566 3025 631 3084 tuis
659 3025 863 3088 mirabilibus
891 3038 923 3090 et
954 3031 1004 3090 di-

245 3117 348 3195 viniS,
378 3120 454 3196 quia
484 3137 562 3181 vere
589 3130 623 3181 tu
650 3139 687 3181 es
710 3122 880 3200 Christus,
912 3125 1003 3187 lilius

246 3215 324 3291 Dei,
355 3217 410 3292 qui
440 3217 472 3278 in
502 3220 590 3278 hunc
612 3221 769 3280 mundum
791 3223 910 3284 venisti
941 3241 1003 3301 pro

245 3314 349 3373 salute
378 3315 558 3377 hominum.
599 3317 629 3378 Ο
658 3334 754 3393 quarn
786 3321 937 3382 sublimis
967 3323 1004 3384 in

208 3437 235 3477 30
245 3409 355 3486 caelis,
370 3428 466 3488 quam
483 3414 618 3475 humilis
641 3415 674 3475 in
689 3416 797 3492 terris,
812 3434 909 3494 quarn
925 3419 1005 3495 pius

245 3515 277 3566 et
298 3507 432 3568 humilis
447 3510 636 3572 hominibus
651 3528 709 3573 eos
725 3518 880 3592 sanando,
903 3535 1005 3595 quam

604 3618 645 3660 aaa
