2194 4180
241 542 332 604 utilia
353 554 385 605 et
400 547 558 609 salubria:
579 558 710 611 terrena
725 553 905 632 despicere,
925 573 991 618 cae·

241 643 335 702 lestia
356 661 465 705 amare
487 654 519 707 et
541 647 678 709 adversa
698 651 848 713 tolerare.

281 740 310 802 O
333 740 428 802 dulce
451 744 650 821 colloquium
674 747 796 809 Mariae
818 766 892 812 cum
910 753 991 829 lesu,

240 839 401 900 salvatore
423 842 554 919 mundi,
585 861 660 905 cum
690 863 767 924 rege
795 850 992 926 angelorum,

217 951 314 996 scum
338 937 480 998 Domino
502 941 720 1019 dominorum,
751 962 824 1004 cum
846 945 992 1023 principe

239 1035 361 1096 civium
397 1054 633 1116 supernorum,
664 1059 738 1101 cum
770 1052 897 1104 rectore
928 1061 992 1104 om·

239 1132 330 1193 nium
369 1135 586 1198 saeculorum.
637 1139 741 1215 Vere,
773 1140 931 1217 Domine,
964 1141 991 1201 si

240 1229 345 1290 lllaria
366 1231 511 1307 perlecte
528 1241 560 1292 te
576 1233 794 1309 cognovisset,
816 1251 990 1312 numquam

239 1328 447 1389 hortulanum
484 1329 690 1391 aestimasset
724 1347 787 1391 nec
826 1333 919 1409 quasi
954 1333 992 1392 ad

205 1439 229 1481 ro
238 1425 384 1502 ignotum
414 1427 566 1504 dixisset,
597 1427 674 1505 quid
705 1427 749 1488 ibi
779 1447 910 1507 ageres,
939 1439 993 1491 aut

238 1524 316 1600 quid
339 1543 525 1602 quaereres.
569 1525 727 1602 Domine,
758 1526 880 1604 inquit,
909 1527 992 1588 situ

239 1623 401 1684 sustulisti
433 1640 525 1699 eum,
556 1623 655 1683 dicito
683 1623 774 1685 mihi.
818 1625 847 1686 O
879 1624 994 1700 lliaria,

238 1723 402 1800 quomodo
432 1722 481 1782 sic
511 1722 657 1800 loqueris
692 1723 732 1782 ad
767 1739 860 1797 eum,
895 1739 992 1800 quem

239 1819 385 1896 ignoras,
416 1829 556 1897 quantae
587 1820 757 1896 potestatis
786 1819 857 1880 sit?
898 1820 992 1880 Vnde

204 1927 357 1982 15tantam
381 1917 604 1979 fortitudinem
627 1917 739 1993 habes,
770 1926 805 1977 ut
827 1915 916 1977 dicas
937 1934 993 1976 au·

238 2017 365 2077 dacter:
409 2017 474 2093 Ego
510 2033 585 2076 eum
625 2015 763 2077 tollam?
818 2015 993 2092 Quomodo

238 2115 339 2175 audes
353 2130 575 2191 praesumere,
596 2113 693 2175 talem
710 2122 741 2173 et
758 2123 822 2174 tam
838 2130 992 2190 magnum

238 2211 344 2272 virum
367 2211 437 2271 sola
458 2211 614 2287 portare?
656 2210 717 2271 Dic
738 2211 836 2287 mihi,
865 2210 994 2271 ubivis

238 2327 313 2370 eum
336 2310 492 2386 portare?
534 2309 619 2387 Quis
641 2309 728 2370 dedit
749 2308 807 2368 tibi
828 2308 993 2368 licentiam

201 2407 389 2484 attollendi,
425 2408 511 2484 quod
548 2423 614 2468 non
645 2405 812 2484 posuisti?
863 2405 995 2480 Nescis,

238 2505 315 2582 quid
351 2504 506 2582 loqueris.
563 2504 720 2566 Convoca
758 2504 851 2581 prius
886 2504 996 2564 socias

237 2610 310 2661 tuas
332 2611 364 2662 et
385 2603 495 2679 proba,
517 2603 604 2680 quod
626 2601 718 2678 dicis,
740 2618 780 2661 an
800 2601 898 2661 simul
919 2619 997 2677 pos·

238 2698 311 2759 sitis
333 2708 472 2775 portare,
494 2717 592 2777 quem
608 2697 782 2776 'quaeritis
825 2697 889 2758 Sed
910 2697 997 2758 torte

238 2812 304 2857 non
318 2797 467 2874 potestis,
482 2795 559 2874 quia
574 2795 724 2872 fatigatae
735 2794 816 2855 estis
831 2794 864 2855 in
875 2794 997 2856 itinere

201 2902 270 2954 aset
292 2895 430 2955 multum
453 2893 637 2954 debilitatae
660 2910 699 2953 ex
714 2892 838 2953 ieiunio
860 2901 893 2952 et
915 2892 997 2953 lletu

238 2991 309 3052 heri
332 3000 364 3052 et
385 2991 484 3052 hodie
504 3007 571 3050 non
593 2990 727 3050 invento
750 3007 843 3050 sacro
866 2990 997 3052 Christi

239 3106 384 3166 corpore.
428 3089 601 3166 Olllaria,
630 3088 658 3148 si
680 3089 750 3148 sola
776 3105 829 3164 es,
858 3099 891 3150 et
912 3089 998 3150 aliae

239 3195 464 3261 recesserunt,
495 3187 573 3264 quid
605 3186 733 3247 facies?
776 3187 864 3264 Roga
894 3187 998 3248 istum
1077 3265 1078 3268 Ἴ

239 3283 464 3359 hortulanum,
495 3293 530 3344 ut
560 3294 592 3345 te
621 3283 752 3344 adiuvet
781 3301 942 3362 quaerere
965 3296 1000 3346 et
1077 3269 1078 3320 ³

202 3391 377 3456 aoportare,
388 3381 586 3458 ubicumque
597 3380 639 3440 sit
650 3380 788 3441 dilectus
799 3390 885 3457 tuuS,
896 3399 999 3459 quem

239 3477 347 3554 diligis
369 3487 401 3537 et
423 3478 554 3554 quaeris
583 3486 614 3536 et
642 3494 701 3554 pro
730 3494 794 3554 quo
823 3477 934 3553 ploras
966 3488 1002 3538 et
1077 3505 1078 3540 2

598 3583 639 3623 24⁰
