2194 4180
284 635 322 694 Et
336 634 411 711 quis
425 635 544 696 melius
559 652 618 695 eos
633 637 765 697 doceret
783 647 815 696 et
830 637 870 697 de
892 637 1003 697 dubiis

242 732 312 792 suis
334 731 544 808 certificaret,
565 733 629 794 nisi
651 743 703 810 tu,
726 734 817 810 lesu,
846 734 1004 810 magister

242 830 343 905 bone,
364 829 427 905 via,
456 831 577 891 veritas
601 839 633 891 et
654 831 736 907 vita,
764 841 875 907 aperte
896 840 929 892 te
951 831 1002 891 eis

242 928 444 989 ostendendo
480 938 512 989 et
547 929 676 1006 signum
709 930 917 990 notissimum
950 929 1000 989 eis

218 1025 337 1086 odares
358 1043 475 1102 panem
498 1026 704 1104 frangendo?
744 1028 783 1088 Et
807 1027 927 1088 lactum
950 1035 1001 1087 est

242 1122 294 1182 ita.
319 1123 402 1183 Nam
426 1141 501 1184 mox
522 1133 554 1184 te
571 1123 850 1201 appropinquante
865 1133 898 1185 et
913 1141 1001 1184 com·

243 1219 341 1281 itante
357 1239 430 1281 cum
445 1221 494 1282 eis
509 1223 602 1298 quasi
616 1222 811 1299 peregrinus
826 1231 859 1283 et
873 1221 1000 1283 inscius

242 1317 447 1396 interrogasti
463 1320 501 1379 ab
513 1319 562 1380 eis
573 1337 703 1381 causam
720 1328 827 1381 tantae
839 1319 1001 1394 tristitiae,

242 1416 319 1491 quid
335 1416 383 1478 eis
399 1418 539 1493 obesset,
555 1417 684 1479 dicens:
708 1417 774 1495 Qui
790 1426 867 1477 sunt
881 1417 915 1478 hi
931 1433 1001 1477 ser·

207 1531 232 1574 ro
242 1530 375 1590 mones,
399 1532 482 1592 quos
504 1516 661 1577 confertis
683 1515 865 1577 adinvicem
887 1515 1000 1574 ambu-

242 1613 346 1673 lantes
368 1621 400 1673 et
422 1613 502 1674 estis
524 1613 662 1674 tristes?

282 1708 392 1770 Laudo
422 1727 499 1787 ergo
530 1721 562 1770 te
591 1721 623 1770 et
651 1709 822 1787 magnifice
853 1709 1001 1787 glorifico

241 1807 336 1867 dulce
358 1825 479 1868 nomen
494 1817 585 1869 tuum
601 1826 659 1885 pro
679 1818 743 1870 tarn
761 1809 911 1869 familiari
935 1809 1001 1869 col·

241 1904 351 1980 loquio
382 1916 437 1966 tuo
466 1924 540 1966 cum
573 1907 645 1967 istis
673 1907 800 1967 duobus
828 1906 1000 1983 discipulis

206 2020 231 2064 rs
240 2001 468 2064 itinerantibus
482 2005 576 2065 valde
597 2005 745 2066 tristibus
762 2005 860 2065 corde
877 2013 910 2064 et
924 2022 998 2082 per·

240 2099 345 2175 plexis
367 2102 406 2161 de
422 2102 574 2162 omnibus
588 2103 689 2179 gestis
711 2103 775 2163 tuis
791 2103 824 2162 in
841 2103 997 2179 passione

241 2206 273 2257 et
294 2200 409 2260 mortis
431 2199 636 2260 damnatione
663 2201 861 2262 consolando
884 2218 942 2261 eos
965 2210 998 2260 et

241 2295 431 2355 instruendo
454 2296 575 2372 optime
597 2295 776 2357 rationibus
805 2307 837 2357 et
858 2298 998 2359 auctori-

240 2393 359 2453 tatibus
381 2410 492 2454 sacrae
515 2394 694 2469 scripturae
710 2395 742 2454 in
758 2396 839 2472 lege,
860 2395 998 2471 psalmis

204 2500 273 2553 aoet
294 2491 462 2567 prophetis
483 2492 523 2551 de
545 2501 577 2551 te
598 2508 676 2552 vere
701 2493 872 2553 contentis.

180 2625 183 2634 v
283 2588 391 2649 Laudo
407 2597 439 2649 et
454 2589 611 2665 regratior
624 2589 692 2665 tibi,
707 2589 898 2667 dignissime
910 2591 998 2666 lesu,

241 2704 299 2764 pro
328 2686 466 2763 singulis
487 2686 597 2747 verbis
625 2686 668 2746 ibi
697 2687 840 2748 tractatis
868 2697 997 2749 etate

241 2786 397 2863 expositis
420 2795 452 2846 et
473 2786 579 2846 lucide
602 2785 783 2860 declaratis,
805 2802 888 2862 quae
905 2786 997 2862 prius

241 2884 380 2944 obscura
408 2893 499 2943 erant
527 2892 559 2943 et
588 2883 700 2959 liguris
723 2883 823 2942 variis
850 2882 997 2943 involuta

204 2990 274 3042 aset
301 2980 414 3057 paucis
442 2989 560 3057 aperta.
609 2980 775 3040 Benedico
803 2989 854 3055 te,
884 2988 996 3041 sancte

241 3088 438 3153 sanctorum,
453 3076 659 3137 sanctissime
676 3078 750 3138 lesu
763 3078 907 3153 Christe,
922 3079 997 3139 doc·

241 3187 292 3236 tor
312 3177 480 3236 doctorum
503 3192 540 3234 ac
555 3174 709 3251 magister
723 3175 868 3235 omnium
887 3176 995 3252 legum

242 3282 274 3333 et
304 3273 525 3348 decretorum,
557 3271 611 3348 qui
643 3270 720 3332 olim
752 3271 907 3347 aperuisti
940 3289 997 3332 ora

240 3371 471 3446 prophetarum
505 3379 537 3430 ct
565 3386 652 3429 nunc
679 3386 739 3445 per
759 3378 860 3430 temet
888 3370 995 3446 ipsum

202 3482 231 3524 oo
241 3469 390 3545 dignatus
408 3485 444 3528 es
460 3484 606 3527 reserare
621 3467 810 3527 abscondita
824 3467 997 3542 scriptura·

241 3582 312 3625 rum
334 3565 479 3641 parvulis
507 3573 539 3623 et
568 3564 707 3624 indoctis
735 3565 775 3625 ad
796 3565 995 3625 credendum

596 3667 637 3709 276
