2144 4168
356 527 521 582 Epllegomena.

122 677 173 732 *tu
194 677 257 738 Hic
268 696 399 756 quoque
415 678 517 738 codex
531 678 725 754 plerumque
740 694 814 736 cum

64 780 81 817 a
99 757 147 820 *n
161 758 197 820 *o
215 759 264 836 *p
279 759 365 834 facit,
387 758 473 837 quod
488 776 563 819 cum
578 758 612 818 in
626 757 729 818 titulis
745 765 814 817 tum

65 835 96 895 in
111 837 299 900 lacunarum
314 839 348 900 in
359 863 455 902 a-na
466 838 630 899 interdum
646 838 814 898 obviarum

64 916 367 981 delectu-cemitur.

123 999 172 1059 De
184 1000 319 1077 reliquis
329 999 594 1060 translationibus
604 1000 685 1059 haec
700 999 815 1072 habeo,

63 1094 145 1154 quae
167 1080 307 1141 lectores
329 1081 414 1141 scire
436 1079 545 1140 velim.
564 1103 582 1142 a
599 1079 682 1139 lacta
703 1087 754 1139 est
776 1095 815 1138 ex

62 1181 93 1233 p,
113 1183 137 1235 p
154 1177 228 1220 cum
248 1161 357 1238 parvis
377 1159 657 1221 immutationibus
677 1159 815 1236 repetita

63 1254 102 1298 ex
123 1263 157 1315 a,
178 1256 210 1316 t,
236 1242 323 1318 quod
345 1250 602 1302 consentaneum
624 1249 692 1301 erat
713 1239 757 1300 ita
778 1255 815 1299 se

62 1319 193 1396 habere,
217 1338 257 1382 ex
280 1332 303 1397 ι,
322 1331 366 1385 u¹
387 1331 419 1382 et
438 1346 459 1384 o
480 1338 520 1382 ex
542 1335 556 1383 t
576 1321 672 1398 plane
694 1329 726 1381 et
747 1337 815 1380 om·

62 1399 139 1460 nino
162 1402 364 1478 compilatae,
392 1411 504 1462 contra
523 1411 567 1464 ω’
588 1418 628 1462 ex
649 1411 663 1464 1
683 1400 814 1478 proprio

62 1479 168 1542 Marte
197 1482 401 1543 laudabiliter
429 1483 632 1557 elucubrata,
660 1482 719 1545 ’κ’
749 1482 815 1544 *ιιι

61 1559 122 1622 *0¹
150 1562 209 1625 *οἱ
236 1563 297 1626 *θ’
327 1581 367 1623 ex
397 1563 463 1634 *ab
494 1571 535 1627 d¹
563 1579 603 1623 ex
631 1562 679 1639 'p
708 1562 814 1622 elabo-

61 1650 149 1702 ratae
172 1653 257 1704 sunt.

116 1739 153 1802 Ιι
181 1737 374 1800 Orationum
406 1749 438 1800 et
466 1739 716 1800 Meditationum
749 1740 815 1816 epi·

59 1826 148 1877 toma
170 1828 220 1879 est
235 1836 339 1896 eaque
358 1820 437 1881 satis
458 1820 561 1880 libera
582 1820 814 1896 interpretatio.

60 1897 156 1974 Quae
186 1901 338 1976 quoniam
367 1918 452 1960 anno
482 1904 558 1960 1489
584 1901 720 1977 prodiit,
750 1901 813 1961 iam

59 1979 163 2038 altero
185 1989 259 2039 ante
281 1998 402 2041 annum
423 1983 499 2040 1500
520 1981 680 2041 decennio
702 1982 815 2041 ambos

58 2068 215 2120 tractatus
236 2061 271 2120 in
292 2078 394 2121 unum
410 2061 502 2138 quasi
518 2078 637 2137 corpus
652 2061 814 2122 coaluisse

58 2139 257 2201 documento
279 2151 338 2202 est.

120 2237 171 2304 9¹·
208 2237 368 2315 Quamvis
403 2239 458 2299 diu
501 2239 704 2316 multumque
740 2256 814 2299 cum

58 2317 122 2394 ipsi
155 2328 223 2378 tum
254 2336 313 2395 per
343 2319 424 2379 alios
455 2329 597 2380 scrutato
633 2319 713 2380 mibi
749 2336 814 2379 non

59 2398 215 2475 contigit,
248 2409 283 2460 ut
313 2399 347 2460 in
378 2399 503 2460 Alberti
535 2400 646 2477 Magni
679 2416 814 2476 operum

58 2479 283 2540 voluminibus
310 2479 424 2557 viginti
454 2497 519 2540 uno
541 2481 667 2555 locum,
698 2480 752 2556 qui
781 2479 814 2539 in

58 2559 257 2620 Theodorici
281 2561 414 2621 Hemen
439 2561 549 2621 libello
578 2560 740 2635 adfertur,
767 2559 815 2620 in·

56 2640 266 2717 vestigarem.
292 2641 359 2701 Iam
375 2658 449 2701 cum
465 2641 547 2701 alios
562 2640 686 2701 Alberti
703 2639 814 2717 Magni

57 2720 151 2780 locos
173 2738 192 2780 a
212 2719 336 2781 Thoma
352 2721 531 2797 Kempensi
555 2720 718 2798 excriptos
740 2738 815 2781 esse

56 2800 140 2860 mihi
177 2810 289 2860 notum
325 2819 390 2862 non
426 2801 487 2876 sit,
527 2811 639 2862 contra
674 2801 814 2863 Gerardi

57 2879 172 2958 Magni
195 2897 260 2940 non
282 2887 442 2958 paucos⁴,
470 2882 505 2941 in
533 2899 604 2942 eam
627 2881 814 2958 opinionem

120 3041 129 3069 ¹
146 3037 214 3081 Circa
228 3052 311 3082 annum
328 3041 460 3083 tellecta.

120 3102 251 3144 ²Dilbaum
273 3102 287 3151 t
305 3111 330 3149 u
347 3111 367 3150 v
386 3115 414 3146 ne
428 3115 498 3146 nosse
512 3103 603 3157 quidem
617 3103 715 3146 videtur.

120 3166 130 3192 ³
145 3163 258 3207 Henricus
269 3165 330 3207 lilius
341 3177 414 3218 meus,
424 3168 462 3220 qul
474 3179 533 3208 nunc
543 3168 619 3219 ipsum
631 3167 654 3207 ln
664 3164 814 3208 Orationibus

54 3227 77 3261 et
103 3217 287 3260 Meditatlonibus
311 3217 446 3262 Germanice
473 3219 594 3262 reddendis
622 3227 743 3273 occupatus
772 3229 814 3271 est,

56 3272 150 3324 Egllum
165 3279 202 3314 aut
216 3274 293 3325 ipsum
308 3281 345 3314 aut
360 3284 399 3326 per
411 3275 508 3315 amicum
519 3273 638 3327 quendam,
654 3285 719 3326 quem
731 3286 753 3326 p.
762 3271 813 3314 Vlll

55 3328 103 3368 sibi
133 3325 265 3368 adfirmasse
288 3326 342 3368 dlcit
366 3327 449 3379 prioris
473 3335 578 3369 tractatus
605 3335 716 3368 vetustam
740 3335 814 3369 extare

54 3379 228 3422 translationem
252 3381 407 3433 rarissimam,
436 3382 470 3422 sic
493 3381 638 3434 inscriptam:
667 3382 719 3432 „der
744 3381 814 3423 Herz-

55 3442 175 3494 mobner“,
190 3442 335 3484 translatione
348 3449 373 3502 y
387 3454 455 3484 usum
469 3455 520 3485 esse
535 3444 641 3496 repperit.

124 3506 135 3534 ⁴
149 3502 200 3546 cn.
217 3502 245 3546 K.
257 3503 356 3546 leacbe
371 3505 394 3545 ln
405 3503 630 3560 Real·Encycloplidle
645 3505 682 3546 fur
710 3514 816 3548 rotestan·

54 3560 136 3601 rische
158 3557 278 3610 Theologie
300 3559 346 3599 und
369 3556 460 3600 Kircbe.
552 3559 573 3601 2.
588 3559 660 3610 nun,
682 3518 708 3601 {F
725 3572 748 3614 p.
761 3560 814 3611 6943

55 3613 86 3655 Κ.
106 3611 201 3664 Grube,
223 3610 328 3654 Gerhard
343 3609 417 3653 Groor
435 3612 481 3654 und
500 3614 563 3654 selue
582 3611 717 3666 Stlitungen.
747 3613 815 3666 Kbln,

420 3701 462 3742 403
663 3700 708 3743 26·
