2118 4180
273 424 685 534 ΜΝ.
709 425 1007 534 fflffl

268 621 303 672 ut
331 611 493 689 impotens
521 621 652 672 tenetur
681 612 849 690 manibus3
880 623 1014 690 portatur

267 709 439 784 bracchiis,
460 710 515 786 qui
539 718 626 769 tonat
648 710 681 769 in
702 710 843 770 nubibus
859 722 890 771 et
905 721 1012 772 terram

268 808 348 883 rigat
369 807 537 867 imbribus.

308 905 392 964 Ecce
414 905 577 982 quomodo
599 905 697 965 simul
719 905 829 965 iuncta
855 918 931 967 sunt
958 907 1014 966 ima

231 1016 244 1056 ⁵
267 1004 416 1079 summis,
437 1013 470 1063 et
491 1004 633 1063 bumana
654 1003 784 1063 divinis.

307 1101 363 1161 Me
386 1118 463 1177 ergo
485 1100 619 1160 abluunt
641 1101 796 1160 infantiae
818 1111 893 1162 tuae
917 1102 1013 1174 lictus,

267 1216 339 1258 mea
354 1199 471 1259 delicta
485 1209 559 1259 tuae
571 1199 739 1275 deplorant
751 1199 911 1259 lacrimae.
933 1200 1013 1260 Ideo·

267 1313 330 1373 que
361 1298 434 1373 plus
465 1297 568 1356 debeo
599 1296 728 1356 iniuriis
758 1297 840 1373 tuis,
872 1299 1013 1368 Domine,

266 1395 352 1471 quod
384 1396 572 1471 redemptus
603 1412 693 1470 sum,
729 1411 824 1470 quarn
859 1394 1013 1470 operibus,

233 1492 352 1568 roquod
382 1501 510 1552 creatus
539 1510 621 1553 sum.
667 1492 696 1553 Ο
726 1502 881 1569 quantum
911 1493 1013 1568 lugere

266 1589 369 1649 debeo
400 1607 458 1666 pro
489 1591 631 1666 peccatis
662 1590 762 1665 meiS,
793 1590 946 1667 quoniam
977 1597 1013 1660 tu,

267 1687 424 1763 Domine,
455 1705 520 1747 non
552 1688 687 1748 cessasti
718 1689 845 1764 plorare
876 1705 934 1765 pro
964 1687 1013 1747 eis.

266 1784 295 1845 O
328 1801 423 1861 quarn
456 1785 567 1861 gravia
602 1784 694 1845 luere
725 1786 861 1845 vulnera
896 1785 1013 1845 animae

266 1899 375 1958 meae,
404 1900 462 1958 pro
490 1883 609 1959 quibus
637 1893 701 1943 tarn
732 1884 850 1944 uberes
872 1883 1014 1944 lacrimas

232 1980 387 2039 refudisti.
419 1980 484 2040 Sed
498 1998 564 2040 non
579 1981 697 2041 mirum
713 1998 820 2058 neque
836 1981 1014 2052 absurdum,

265 2077 292 2136 si
316 2077 412 2137 modo
432 2079 582 2138 lacrimas
602 2096 641 2138 ex
657 2079 884 2155 compassione
902 2078 1015 2148 lundis,

265 2192 323 2251 pro
345 2175 464 2251 quibus
485 2177 604 2236 venisti
627 2177 806 2253 pretiosum
829 2175 1013 2252 sanguinem

265 2273 413 2349 fundere,
436 2283 470 2332 ut
491 2290 552 2333 nos
574 2291 593 2332 a
613 2273 755 2349 peccatis
777 2273 937 2333 ablueres

306 2371 414 2430 Laudo
437 2387 514 2446 ergo
536 2379 578 2446 te,
600 2370 717 2430 dilecte
737 2370 821 2445 lesu,
844 2381 875 2431 et
891 2386 1015 2447 semper

228 2467 401 2530 aolaudabo
430 2485 488 2543 pro
518 2467 683 2527 caritativa
711 2469 937 2543 compassione
967 2479 1015 2527 tua

265 2582 340 2641 erga
362 2582 414 2624 me
437 2564 593 2624 miserum
616 2575 831 2641 peccatorem.

448 2774 841 2854 mmmmmm

375 2910 421 2968 De
442 2909 618 2969 lactatione
639 2909 806 2968 esurientis
827 2910 906 2969 lesu.

264 3001 511 3222 &eradico
534 3070 565 3121 et
580 3060 698 3137 gratias
714 3077 772 3137 ago
787 3061 856 3137 tibi,
879 3060 1015 3122 Domine

389 3159 463 3218 lesu
475 3157 620 3234 Christe,
636 3160 710 3219 lons
720 3159 913 3220 indeficiens
924 3159 1015 3230 vitae,

264 3272 322 3330 pro
349 3263 405 3315 tua
431 3256 603 3315 lactatione
632 3273 672 3316 ex
700 3256 855 3316 uberibus
884 3255 1015 3333 virginis

264 3353 405 3430 Mariae,
434 3354 528 3414 cuius
549 3371 642 3415 sacro
664 3356 747 3415 lacte
768 3365 881 3431 pastus
903 3373 955 3429 es,
985 3363 1014 3413 tu
1044 3389 1045 3430 ς

264 3451 334 3527 ipse
356 3461 466 3528 pastor
492 3452 654 3528 omniurn,
682 3452 774 3512 cibus
796 3463 828 3512 et
849 3453 942 3528 panis
965 3469 1015 3511 an·
1044 3453 1045 3496 ἲ

262 3535 1045 3624 mmmcmmmmmmmw

630 3656 654 3697 18

227 3182 254 3222 25
