2194 4180
115 638 233 682 norem
256 622 400 682 nominis
421 623 467 682 tui
490 633 603 683 contra
626 632 784 683 terrorem
808 639 875 682 ser-

115 719 229 796 pentis
259 720 383 796 antiqui
420 730 452 780 et
487 733 605 781 contra
630 720 874 782 insultationem

117 818 229 878 omnis
250 817 393 879 infidelis
416 818 526 878 Iudaei
549 827 581 878 et
598 818 724 894 pagani,
745 818 800 896 qui
823 819 876 879 ad·

117 917 186 976 huc
208 915 321 977 odiunt
342 933 463 977 nomen
482 917 557 976 Iesu
573 915 710 991 Christi,
733 915 790 976 lilii
814 915 874 976 Dei

116 1031 180 1090 pro
202 1014 306 1074 salute
328 1013 441 1074 mundi
465 1012 621 1074 crucifixi.
737 1036 740 1042 ·
885 1034 899 1073 5

162 1110 271 1171 Laudo
294 1120 326 1171 et
348 1110 529 1171 honorifico
560 1120 610 1186 te,
640 1109 876 1187 benignissime

120 1207 208 1283 lesu,
230 1225 288 1284 pro
310 1217 366 1268 tua
387 1207 527 1284 benigna
542 1207 728 1268 visitatione
751 1217 877 1268 sancto·

118 1322 194 1365 rum
217 1307 338 1366 veteris
360 1305 546 1366 testamenti
569 1305 602 1366 in
628 1305 731 1365 limbo
756 1304 876 1365 inferni

118 1411 153 1464 et
177 1420 233 1479 pro
256 1403 448 1464 liberatione
470 1403 616 1463 omnium
640 1402 784 1463 fidelium
809 1403 876 1462 ani-

117 1518 246 1560 marum
274 1501 308 1561 in
335 1502 410 1562 sinu
439 1500 590 1561 Abrahae
625 1500 875 1577 quiescentium.
888 1514 913 1555 ro

120 1597 189 1674 Qui
211 1598 266 1659 diu
296 1617 369 1659 cum
392 1616 510 1675 magno
539 1597 702 1658 desiderio
728 1607 876 1675 expecta·

117 1696 198 1755 bant
219 1696 393 1757 adventum
423 1705 514 1756 tuum
544 1696 583 1756 ad
612 1696 737 1756 inieros
764 1704 876 1756 ventu-

119 1811 193 1855 rum
217 1805 249 1855 et
270 1794 460 1855 lacrimabili
477 1811 569 1871 voce,
590 1794 676 1854 sicut
698 1793 731 1853 in
746 1811 876 1870 proces-

118 1893 215 1954 sione
238 1893 334 1953 hodie
357 1902 520 1968 cantatur,
549 1893 588 1954 ad
613 1902 645 1953 te
668 1892 785 1952 devote
814 1892 876 1952 cla-

118 1991 267 2051 mabant:
298 1989 470 2051 Advenisti
500 1988 745 2064 desiderabilis,
778 2006 874 2066 quem
888 2003 913 2044 rs

119 2089 373 2163 expectabamus
395 2088 428 2147 in
459 2086 621 2162 tenebris,
652 2095 687 2147 ut
718 2087 876 2147 educeres

118 2187 183 2246 hac
204 2195 300 2246 nocte
321 2186 504 2246 vinculatos
527 2185 567 2245 de
589 2184 749 2244 claustris.

164 2285 298 2345 Laetare
313 2301 390 2361 ergo
405 2300 503 2359 nunc,
525 2281 700 2360 praecipue
722 2291 757 2342 tu
779 2282 877 2358 prim·

118 2380 255 2441 ordialis
290 2391 382 2457 pater
416 2390 529 2441 noster
563 2378 685 2454 Adam,
720 2379 877 2439 naturalis

119 2478 213 2554 origo
234 2478 365 2554 generis
387 2477 538 2552 humani,
569 2494 643 2536 cum
672 2475 773 2536 nobili
802 2484 914 2536 con-2⁰

119 2575 197 2651 iuge
218 2583 273 2636 tua
296 2576 363 2636 Eva
391 2576 431 2636 de
453 2575 554 2635 latere
577 2583 632 2635 tuo
664 2574 697 2633 in
728 2573 877 2650 paradiso

120 2673 270 2748 formata,
291 2673 367 2749 quia
382 2672 514 2759 advenit
529 2671 683 2733 Christus
704 2689 743 2732 ex
757 2689 878 2748 genere

119 2781 179 2831 tuo
201 2772 241 2831 de
263 2769 389 2847 virgine
411 2779 507 2830 natus
529 2779 561 2830 et
589 2769 623 2828 in
646 2787 743 2830 cruce
765 2770 879 2829 immo-

120 2871 208 2929 latus
243 2869 282 2930 ad
319 2868 522 2928 liberandum
554 2876 585 2928 te
622 2884 695 2926 cum
727 2865 879 2926 omnibus

121 2967 324 3042 concaptivis
347 2965 423 3026 filiis
444 2965 510 3025 tuis
531 2965 565 3024 in
588 2963 651 3024 lide
673 2963 745 3024 eius
767 2973 799 3024 et
820 2966 916 3039 spe2⁵

118 3065 243 3142 gratiae
266 3063 418 3124 caelestis
446 3062 628 3138 defunctis,
658 3060 811 3122 videlicet
839 3061 879 3120 de

119 3180 220 3223 manu
237 3161 345 3237 inferi,
367 3161 407 3221 de
423 3160 520 3220 domo
536 3159 688 3234 carceris,
710 3158 750 3218 de
765 3159 880 3218 umbra

119 3260 255 3335 mortis,
283 3259 323 3320 de
345 3259 418 3318 lacu
439 3258 571 3317 leonum
599 3266 631 3316 et
652 3264 777 3316 terrore
806 3256 879 3316 dae-

119 3373 256 3418 monum
279 3356 509 3433 pessimorum‚
539 3354 579 3414 ad
601 3354 822 3413 reducendum
844 3364 877 3420 te

120 3471 196 3514 cum
220 3453 309 3514 omni
332 3463 443 3514 sancta
460 3451 615 3529 progenie
637 3461 692 3511 tua
714 3462 746 3512 et
761 3452 915 3513 dilecta³⁰

120 3552 279 3612 societate
301 3553 490 3628 angelorum
520 3559 551 3609 et
580 3567 653 3609 cum
684 3550 880 3610 suavissima

483 3657 520 3698 221
