2144 4168
357 499 535 553 Epllegomenu.,

57 665 132 708 rum
155 647 237 708 nihil
260 649 376 724 obstat,
398 648 575 725 quominus
596 671 633 710 m
652 664 723 710 exe
741 664 819 724 pen-

57 729 140 788 dere
162 738 353 788 statuamus.

122 808 189 868 Iam
214 818 401 884 uteorum,
430 825 513 885 quae
538 808 579 868 de
601 831 692 871 e-rn
713 808 819 868 adhuc

57 889 235 965 disputavi,
257 889 349 966 quasi
373 905 534 950 summam
551 889 742 963 subducam,
764 889 819 947 ha-

59 986 135 1029 rum
167 969 347 1030 editionum
379 969 539 1029 lectiones
574 971 630 1028 136
660 969 819 1029 adversus

57 1050 110 1112 *n
130 1050 168 1112 *ο
197 1050 245 1126 ‘p
267 1050 504 1110 concordantes
526 1049 722 1125 computavi.

122 1145 171 1201 *n
194 1145 293 1207 editio
323 1146 404 1206 locis
433 1146 552 1222 prioris
581 1154 737 1206 tractatus
759 1146 820 1206 cir-

59 1225 145 1286 citer
169 1229 226 1286 130
253 1244 272 1286 a
300 1226 436 1303 reliquis
465 1226 617 1286 omnibus
646 1226 819 1303 discrepat,

59 1306 145 1367 locis
160 1306 291 1367 circiter
309 1309 363 1366 127
379 1306 431 1367 vel
448 1306 586 1383 singulis
600 1306 653 1366 vel
669 1307 818 1382 pluribus

58 1386 174 1447 verbis
215 1387 333 1447 additis
375 1386 570 1463 amplificata
605 1396 664 1447 est.
721 1387 818 1463 Quod

59 1466 195 1544 quidem
218 1484 284 1526 non
306 1467 387 1527 adeo
410 1467 597 1542 miraberis,
626 1483 699 1526 cum
724 1468 819 1527 Heri·

59 1549 190 1607 bertum
244 1547 426 1624 Rosweyde
468 1547 596 1608 Vindio.
640 1549 818 1624 Kempens.

58 1645 90 1703 p.
113 1629 176 1686 473
197 1627 272 1687 edit.
299 1630 374 1688 1617
402 1627 444 1703 (p.
466 1631 505 1687 92
527 1627 602 1688 edit.
628 1629 716 1703 1621)
737 1630 818 1688 baec

59 1707 262 1768 scribentem
291 1708 398 1784 leges:
429 1706 589 1780 „Curiose
618 1725 697 1784 sane
727 1708 818 1769 Som-

58 1787 182 1847 malius
203 1796 317 1848 noster
337 1797 460 1848 textum
486 1788 653 1864 [librorum
676 1789 725 1848 De
747 1789 818 1848 irni-

58 1867 185 1927 tatione
201 1867 340 1944 Christi]
365 1869 520 1943 distinxit,
542 1868 600 1928 sed
616 1885 681 1928 non
697 1868 817 1945 vbique

59 1949 135 2023 ipsa
163 1946 307 2008 Thomae
338 1949 438 2009 verba
468 1965 508 2008 ex
536 1950 735 2024 autographo
764 1966 817 2009 ex-

58 2027 194 2104 pressit,
209 2029 434 2105 quorumdam‚
455 2029 500 2089 vti
517 2028 655 2103 videtur,
669 2028 817 2089 barbarie

59 2107 243 2184 offensus“,
271 2118 303 2169 et
331 2127 361 2185 p.
383 2112 442 2169 475
463 2109 535 2185 (seu
557 2125 586 2184 p.
609 2109 676 2185 94):
707 2109 817 2181 „Som-

59 2188 151 2262 malij
182 2189 285 2251 nostri
315 2189 491 2249 editionem
518 2189 557 2248 ad
579 2206 692 2249 eorum
717 2189 817 2265 [auto-

59 2269 272 2346 graphorum]
291 2269 387 2329 iidem
410 2269 501 2346 exegi
520 2278 552 2329 et
566 2285 670 2344 paene
685 2279 816 2330 centum

60 2349 145 2410 locis
177 2349 216 2409 ad
247 2349 389 2409 auctoris
421 2350 579 2410 calamum
612 2350 785 2410 reuocaui“
799 2355 816 2411 ¹.

60 2429 288 2489 Nihilominus
302 2429 555 2492 ‘aeditionibus
568 2429 604 2492 *o
621 2430 667 2505 ‘p
677 2431 814 2491 multum

59 2518 221 2585 praestat,
252 2509 339 2586 quod
360 2511 412 2571 vel
442 2510 518 2570 inde
549 2509 699 2587 colligas,
730 2511 815 2587 quod

59 2589 108 2652 ‘a
137 2590 172 2649 in
200 2589 396 2650 lectionibus
428 2594 484 2650 145
514 2607 588 2650 cum
618 2590 816 2651 editionibus

59 2669 301 2746 antiquioribus
332 2670 490 2730 adversus
511 2670 548 2733 *o
576 2670 622 2747 ‘p
643 2671 815 2731 consentit.

122 2766 167 2821 ‘o
189 2766 342 2827 editionis
364 2767 523 2827 lectiones
545 2767 676 2827 circiter
694 2771 755 2826 333
776 2769 814 2827 ab

59 2845 208 2907 omnium
231 2847 430 2924 reliquarum
449 2847 672 2923 discrepantes
694 2849 813 2908 notavi.

60 2927 158 3004 Quae
188 2928 274 3003 quod
310 2944 430 3003 paucas
465 2928 620 3004 quasdam
656 2927 814 2988 lectiones

58 3008 159 3066 babet
187 3024 261 3066 cum
286 3017 311 3069 Α
346 3008 504 3068 adversus
534 3007 581 3069 ‘n
602 3016 634 3067 et
663 3007 708 3085 ‘p
738 3025 813 3068 con·

57 3096 232 3163 gruentes,
264 3105 319 3148 eas
347 3089 399 3149 vel
432 3088 636 3148 coniecturas
665 3105 739 3148 esse
760 3089 813 3148 vel

60 3185 121 3239 ,ex
150 3167 292 3244 antiquis
320 3184 418 3228 manu
447 3168 608 3245 scriptis“,
636 3168 755 3245 quibus
776 3186 813 3229 se

59 3264 157 3307 usum
194 3265 268 3308 esse
300 3248 478 3310 Gratianus
517 3248 633 3324 plurali
675 3266 813 3309 numero

17 3375 21 3384 ,
59 3327 148 3403 dicit,
159 3327 322 3403 profectas
337 3329 546 3404 probabiliter
557 3329 707 3389 conicere
718 3329 813 3389 nobis

57 3407 218 3468 videmur.
274 3408 444 3469 Adversus
486 3425 602 3469 omnes
646 3409 753 3470 addito
796 3436 813 3473 o

120 3564 194 3608 ¹Clr.
211 3567 317 3620 Hirscbe,
333 3566 458 3620 Prolegom.
476 3566 483 3608 l
500 3580 522 3620 p.
537 3567 584 3608 283.

100 3657 194 3696 reomao
208 3669 222 3696 a
236 3659 264 3697 K.
280 3656 339 3699 Med.
421 3657 458 3698 401
678 3658 706 3698 25
