2142 4172
248 647 355 724 Quam
377 647 520 724 gloriose
542 647 712 724 ingressus
741 665 794 723 ea,
823 664 881 707 rex
911 649 1006 723 caeli,
1054 715 1055 720 ἵ

247 745 280 804 in
303 762 438 822 regnum
456 745 562 806 Patris
575 745 633 806 tui.
664 745 750 807 Cum
765 754 886 821 quanta
899 746 1005 822 gloria

247 852 279 902 et
309 843 436 904 honore
467 852 642 904 coronatus
678 860 715 903 es
750 860 851 920 super
885 861 1004 905 omnes
1054 899 1055 908 ,

247 950 378 1001 sanctos
412 950 487 1002 tuos
522 950 554 1001 et
584 941 618 1000 in
654 941 786 1001 dextera
818 942 924 1002 Patris
956 943 1003 1002 tui

223 1038 439 1116 sdignissime
468 1039 647 1099 collocatus
676 1056 734 1115 pro
763 1056 820 1114 eo,
851 1039 940 1116 quod
969 1039 1004 1098 in

246 1146 384 1197 mortem
413 1136 573 1197 tradidisti
603 1136 744 1197 animam
770 1146 859 1197 tuam
889 1146 921 1197 et
944 1155 1003 1214 pro

247 1234 356 1311 impiis
378 1235 460 1295 mori
492 1216 642 1312 dignatus
671 1252 724 1311 es,
752 1244 787 1294 ut
815 1234 1004 1296 vivificares

246 1333 402 1408 populum
424 1341 516 1393 tuum
539 1341 571 1392 et
589 1333 770 1393 consedere
793 1333 921 1394 laceres
944 1351 1003 1394 eos

247 1429 286 1489 ad
315 1447 461 1490 mensam
493 1439 581 1490 tuam
613 1430 646 1490 in
678 1447 778 1508 regno
809 1441 884 1506 tuo,
915 1432 1004 1508 quod

212 1549 236 1590 ro
246 1528 366 1603 parasti
377 1528 426 1588 eis
441 1537 515 1588 ante
530 1528 688 1606 originem
700 1530 812 1590 mundi
830 1530 864 1589 in
875 1529 1005 1589 miseri·

247 1625 357 1685 cordia
378 1635 410 1685 et
424 1625 690 1685 miserationibus
711 1625 776 1686 tuis
791 1626 914 1701 multis,
938 1643 1004 1686 non

247 1723 280 1783 in
303 1722 429 1784 meritis
451 1722 521 1782 suis
543 1739 605 1782 nec
629 1721 663 1782 in
684 1722 859 1783 virtutibus
889 1725 1005 1784 huma·

247 1821 308 1881 nis.
351 1820 381 1882 O
413 1830 533 1898 quanta
562 1821 701 1898 dignitas
732 1823 895 1882 humanae
927 1840 1004 1883 con-

247 1918 396 1995 dicionis
418 1928 453 1979 ut
474 1928 589 1979 natura
604 1920 746 1979 humana
762 1920 833 1979 Deo
854 1919 948 1979 unita
970 1920 1003 1979 in

212 2037 236 2079 15
246 2033 387 2092 persona
407 2016 616 2076 transcendat
637 2033 738 2092 super
758 2034 890 2077 omnem
913 2034 1005 2078 crea-

246 2125 350 2176 turam
373 2116 513 2176 incaelo
535 2125 567 2176 et
588 2116 622 2174 in
644 2125 739 2176 terra
770 2115 913 2192 ideoque
935 2132 1005 2175 me-

246 2213 307 2273 rito
336 2231 395 2290 pro
416 2214 590 2291 gratiarum
620 2214 748 2274 actione
777 2222 809 2273 et
840 2213 1004 2291 condigna

245 2312 341 2372 laude
371 2312 406 2372 in
436 2312 569 2372 nomine
598 2321 671 2387 tuo,
701 2311 892 2372 dulcissime
916 2311 1003 2387 Iesu,

245 2426 361 2470 omnes
383 2419 550 2470 creaturae
572 2409 773 2485 caelestium,
794 2409 1001 2470 terrestrium

208 2527 235 2570 ao
246 2516 278 2566 et
298 2507 502 2567 infernorum
519 2508 651 2568 flectere
666 2507 785 2568 debent
800 2516 832 2567 et
846 2515 1004 2568 tenentur

246 2620 382 2664 curvare
403 2621 510 2680 genua
531 2622 591 2664 sua
612 2612 686 2665 ante
710 2604 826 2664 faciem
855 2613 945 2665 tuam
970 2615 1002 2665 et

245 2700 380 2761 adorare
401 2701 526 2761 vultum
549 2702 672 2778 gloriae
692 2711 768 2762 tuae
796 2710 828 2762 et
857 2703 1000 2763 osculari

245 2797 422 2857 scabellum
438 2799 557 2874 pedum
573 2809 702 2860 tuorum
718 2808 751 2858 et
769 2816 870 2876 super
891 2801 1002 2861 omnia

244 2895 422 2971 gloriosum
445 2914 481 2956 ac
504 2907 651 2958 sanctum
681 2913 802 2957 nomen
830 2906 923 2958 tuum
946 2915 1000 2958 ex-

208 2994 344 3057 25altare
366 3003 398 3054 et
420 2995 552 3054 laudare
574 2996 608 3055 in
630 2995 770 3055 saecula.

286 3091 395 3151 Laudo
417 3098 449 3152 et
464 3091 646 3153 honorifico
661 3101 693 3152 te
708 3110 767 3169 pro
789 3101 844 3152 tua
858 3092 1000 3171 benigna

243 3188 429 3249 visitatione
457 3198 488 3249 et
517 3189 630 3250 ultima
658 3190 859 3267 apparitione
889 3209 998 3252 coram

164 3319 165 3324 κ
244 3289 510 3349 recumbentibus
540 3288 712 3364 discipulis
743 3290 808 3349 tuis
839 3290 873 3350 in
904 3307 1000 3350 cena-

244 3385 317 3445 culo
340 3385 554 3462 congregatis,
576 3387 616 3446 de
638 3395 670 3446 te
699 3386 816 3447 devote
838 3387 999 3465 loquenti·
1054 3423 1055 3432 ÷

206 3483 304 3541 robus
326 3490 359 3541 et
379 3481 597 3559 praesentiam
619 3490 707 3542 tuam
723 3483 863 3544 maxime
886 3485 1000 3546 videre

243 3577 467 3655 cupientibus,
495 3579 551 3656 qui
580 3579 667 3639 inter
692 3581 917 3657 prandendum
940 3602 1000 3661 pro

596 3685 639 3727 aaa
