<?xml version="1.0" encoding="UTF-8"?>
<!DOCTYPE html PUBLIC "-//W3C//DTD XHTML 1.0 Transitional//EN"
    "http://www.w3.org/TR/xhtml1/DTD/xhtml1-transitional.dtd">
<html xmlns="http://www.w3.org/1999/xhtml" xml:lang="en" lang="en">
 <head>
  <title>
</title>
<meta http-equiv="Content-Type" content="text/html;charset=utf-8" />
  <meta name='ocr-system' content='tesseract 3.04.00' />
  <meta name='ocr-capabilities' content='ocr_page ocr_carea ocr_par ocr_line ocrx_word'/>
</head>
<body>
  <div class='ocr_page' id='page_1' title='image "./thomaehemerkena02pohlgoog_0058.png"; bbox 0 0 2118 4180; ppageno 0'>
   <div class='ocr_carea' id='block_1_1' title="bbox 88 459 813 571">
    <p class='ocr_par' dir='ltr' id='par_1_1' title="bbox 88 459 813 571">
     <span class='ocr_line' id='line_1_1' title="bbox 88 459 813 571; baseline 0.001 -2"><span class='ocrx_word' id='word_1_1' title='bbox 88 459 813 571; x_wconf 47' lang='lat' dir='ltr'>&amp;stamnum</span> 
     </span>
    </p>
   </div>
   <div class='ocr_carea' id='block_1_2' title="bbox 80 647 820 825">
    <p class='ocr_par' dir='ltr' id='par_1_2' title="bbox 80 647 820 825">
     <span class='ocr_line' id='line_1_2' title="bbox 81 647 820 726; baseline 0 -18"><span class='ocrx_word' id='word_1_2' title='bbox 81 648 200 710; x_wconf 80' lang='lat' dir='ltr'>infunde</span> <span class='ocrx_word' id='word_1_3' title='bbox 226 649 361 726; x_wconf 82' lang='lat' dir='ltr'>gratiam</span> <span class='ocrx_word' id='word_1_4' title='bbox 390 649 430 709; x_wconf 88' lang='lat' dir='ltr'>ad</span> <span class='ocrx_word' id='word_1_5' title='bbox 452 657 527 708; x_wconf 87' lang='lat' dir='ltr'>tuae</span> <span class='ocrx_word' id='word_1_6' title='bbox 549 647 728 710; x_wconf 89' lang='lat' dir='ltr'>divinitatis</span> <span class='ocrx_word' id='word_1_7' title='bbox 749 666 820 725; x_wconf 93' lang='lat' dir='ltr'>per-</span> 
     </span>
     <span class='ocr_line' id='line_1_3' title="bbox 80 746 631 825; baseline -0.002 -19"><span class='ocrx_word' id='word_1_8' title='bbox 80 756 193 821; x_wconf 90' lang='lat' dir='ltr'>petuam</span> <span class='ocrx_word' id='word_1_9' title='bbox 214 747 350 825; x_wconf 86' lang='lat' dir='ltr'>gloriam</span> <span class='ocrx_word' id='word_1_10' title='bbox 372 746 631 823; x_wconf 82' lang='lat' dir='ltr'><strong>promerendam.</strong></span> 
     </span>
    </p>
   </div>
   <div class='ocr_carea' id='block_1_3' title="bbox 229 955 657 1034">
    <p class='ocr_par' dir='ltr' id='par_1_3' title="bbox 229 955 657 1034">
     <span class='ocr_line' id='line_1_4' title="bbox 229 955 657 1034; baseline 0 -16"><span class='ocrx_word' id='word_1_11' title='bbox 229 955 501 1033; x_wconf 77' lang='lat' dir='ltr'>[CAPITVLVM</span> <span class='ocrx_word' id='word_1_12' title='bbox 527 957 657 1034; x_wconf 87' lang='lat' dir='ltr'><strong>XVIII.]</strong></span> 
     </span>
    </p>
   </div>
   <div class='ocr_carea' id='block_1_4' title="bbox 182 1089 842 1237">
    <p class='ocr_par' dir='ltr' id='par_1_4' title="bbox 182 1089 842 1237">
     <span class='ocr_line' id='line_1_5' title="bbox 182 1089 709 1166; baseline 0.004 -18"><span class='ocrx_word' id='word_1_13' title='bbox 182 1089 228 1149; x_wconf 87' lang='lat' dir='ltr'>De</span> <span class='ocrx_word' id='word_1_14' title='bbox 249 1089 371 1149; x_wconf 84' lang='lat' dir='ltr'>ieiunio</span> <span class='ocrx_word' id='word_1_15' title='bbox 393 1092 425 1149; x_wconf 87' lang='lat' dir='ltr'>et</span> <span class='ocrx_word' id='word_1_16' title='bbox 444 1089 709 1166; x_wconf 77' lang='lat' dir='ltr'><em>temptationibus</em></span> 
     </span>
     <span class='ocr_line' id='line_1_6' title="bbox 828 1198 842 1237; baseline 0 0"><span class='ocrx_word' id='word_1_17' title='bbox 828 1198 842 1237; x_wconf 90' lang='grc'>5</span> 
     </span>
    </p>
   </div>
   <div class='ocr_carea' id='block_1_5' title="bbox 78 1279 856 1512">
    <p class='ocr_par' dir='ltr' id='par_1_5' title="bbox 78 1279 856 1512">
     <span class='ocr_line' id='line_1_7' title="bbox 78 1279 820 1500; baseline 0.001 -103"><span class='ocrx_word' id='word_1_18' title='bbox 78 1279 311 1500; x_wconf 44' lang='lat' dir='ltr'>&amp;medico</span> <span class='ocrx_word' id='word_1_19' title='bbox 329 1347 360 1398; x_wconf 94' lang='lat' dir='ltr'>et</span> <span class='ocrx_word' id='word_1_20' title='bbox 374 1337 493 1415; x_wconf 82' lang='lat' dir='ltr'>gratias</span> <span class='ocrx_word' id='word_1_21' title='bbox 507 1355 566 1415; x_wconf 92' lang='lat' dir='ltr'>ago</span> <span class='ocrx_word' id='word_1_22' title='bbox 588 1338 656 1414; x_wconf 91' lang='lat' dir='ltr'>tibi,</span> <span class='ocrx_word' id='word_1_23' title='bbox 679 1337 820 1398; x_wconf 86' lang='lat' dir='ltr'>Domine</span> 
     </span>
     <span class='ocr_line' id='line_1_8' title="bbox 194 1435 856 1512; baseline 0 -17"><span class='ocrx_word' id='word_1_24' title='bbox 194 1436 270 1495; x_wconf 92' lang='lat' dir='ltr'>Iesu</span> <span class='ocrx_word' id='word_1_25' title='bbox 283 1435 427 1512; x_wconf 86' lang='lat' dir='ltr'>Christe,</span> <span class='ocrx_word' id='word_1_26' title='bbox 442 1453 500 1512; x_wconf 98' lang='lat' dir='ltr'>pro</span> <span class='ocrx_word' id='word_1_27' title='bbox 516 1453 609 1496; x_wconf 91' lang='lat' dir='ltr'>sacro</span> <span class='ocrx_word' id='word_1_28' title='bbox 620 1435 743 1496; x_wconf 89' lang='lat' dir='ltr'>ieiunio</span> <span class='ocrx_word' id='word_1_29' title='bbox 753 1445 820 1511; x_wconf 91' lang='lat' dir='ltr'>tuo,</span> <span class='ocrx_word' id='word_1_30' title='bbox 854 1483 856 1488; x_wconf 86' lang='lat'><em>.</em></span> 
     </span>
    </p>
   </div>
   <div class='ocr_carea' id='block_1_6' title="bbox 77 1532 821 1692">
    <p class='ocr_par' dir='ltr' id='par_1_6' title="bbox 77 1532 821 1692">
     <span class='ocr_line' id='line_1_9' title="bbox 77 1532 820 1611; baseline 0.001 -20"><span class='ocrx_word' id='word_1_31' title='bbox 77 1533 149 1605; x_wconf 90' lang='lat' dir='ltr'>quod</span> <span class='ocrx_word' id='word_1_32' title='bbox 179 1532 213 1592; x_wconf 92' lang='lat' dir='ltr'>in</span> <span class='ocrx_word' id='word_1_33' title='bbox 243 1533 373 1592; x_wconf 89' lang='lat' dir='ltr'>deserto</span> <span class='ocrx_word' id='word_1_34' title='bbox 402 1533 612 1611; x_wconf 88' lang='lat' dir='ltr'>quadraginta</span> <span class='ocrx_word' id='word_1_35' title='bbox 639 1533 755 1594; x_wconf 92' lang='lat' dir='ltr'>diebus</span> <span class='ocrx_word' id='word_1_36' title='bbox 783 1551 820 1592; x_wconf 90' lang='lat' dir='ltr'>ac</span> 
     </span>
     <span class='ocr_line' id='line_1_10' title="bbox 77 1630 821 1692; baseline 0.003 -5"><span class='ocrx_word' id='word_1_37' title='bbox 77 1630 213 1690; x_wconf 91' lang='lat' dir='ltr'>noctibus</span> <span class='ocrx_word' id='word_1_38' title='bbox 231 1630 271 1690; x_wconf 88' lang='lat' dir='ltr'>ad</span> <span class='ocrx_word' id='word_1_39' title='bbox 286 1630 423 1691; x_wconf 88' lang='lat' dir='ltr'>dandam</span> <span class='ocrx_word' id='word_1_40' title='bbox 438 1631 533 1690; x_wconf 93' lang='lat' dir='ltr'>nobis</span> <span class='ocrx_word' id='word_1_41' title='bbox 548 1630 731 1692; x_wconf 90' lang='lat' dir='ltr'>abstinendi</span> <span class='ocrx_word' id='word_1_42' title='bbox 747 1646 821 1689; x_wconf 89' lang='lat' dir='ltr'>nor-</span> 
     </span>
    </p>
   </div>
   <div class='ocr_carea' id='block_1_7' title="bbox 76 1723 857 2096">
    <p class='ocr_par' dir='ltr' id='par_1_7' title="bbox 76 1723 857 2096">
     <span class='ocr_line' id='line_1_11' title="bbox 77 1723 857 1805; baseline 0.001 -19"><span class='ocrx_word' id='word_1_43' title='bbox 77 1741 148 1787; x_wconf 85' lang='lat' dir='ltr'>mam</span> <span class='ocrx_word' id='word_1_44' title='bbox 159 1726 327 1787; x_wconf 90' lang='lat' dir='ltr'>solitarius</span> <span class='ocrx_word' id='word_1_45' title='bbox 336 1727 501 1805; x_wconf 87' lang='lat' dir='ltr'>peregisti,</span> <span class='ocrx_word' id='word_1_46' title='bbox 511 1728 565 1788; x_wconf 91' lang='lat' dir='ltr'>ubi</span> <span class='ocrx_word' id='word_1_47' title='bbox 576 1723 740 1805; x_wconf 84' lang='lat' dir='ltr'><strong>tamquam</strong></span> <span class='ocrx_word' id='word_1_48' title='bbox 752 1744 821 1787; x_wconf 87' lang='lat' dir='ltr'>ere·</span> <span class='ocrx_word' id='word_1_49' title='bbox 833 1747 857 1788; x_wconf 86' lang='lat' dir='ltr'>to</span> 
     </span>
     <span class='ocr_line' id='line_1_12' title="bbox 76 1824 821 1886; baseline 0 -2"><span class='ocrx_word' id='word_1_50' title='bbox 76 1825 142 1885; x_wconf 92' lang='lat' dir='ltr'>mita</span> <span class='ocrx_word' id='word_1_51' title='bbox 162 1843 236 1885; x_wconf 92' lang='lat' dir='ltr'>cum</span> <span class='ocrx_word' id='word_1_52' title='bbox 259 1824 374 1885; x_wconf 89' lang='lat' dir='ltr'>bestiis</span> <span class='ocrx_word' id='word_1_53' title='bbox 396 1842 469 1885; x_wconf 88' lang='lat' dir='ltr'>eras</span> <span class='ocrx_word' id='word_1_54' title='bbox 490 1825 562 1885; x_wconf 92' lang='lat' dir='ltr'>sine</span> <span class='ocrx_word' id='word_1_55' title='bbox 584 1825 753 1886; x_wconf 92' lang='lat' dir='ltr'>hominum</span> <span class='ocrx_word' id='word_1_56' title='bbox 770 1841 821 1884; x_wconf 94' lang='lat' dir='ltr'>so·</span> 
     </span>
     <span class='ocr_line' id='line_1_13' title="bbox 76 1920 820 1999; baseline 0.001 -19"><span class='ocrx_word' id='word_1_57' title='bbox 76 1922 162 1999; x_wconf 91' lang='lat' dir='ltr'>lacio,</span> <span class='ocrx_word' id='word_1_58' title='bbox 188 1923 247 1983; x_wconf 90' lang='lat' dir='ltr'>sed</span> <span class='ocrx_word' id='word_1_59' title='bbox 269 1922 415 1998; x_wconf 88' lang='lat' dir='ltr'>angelico</span> <span class='ocrx_word' id='word_1_60' title='bbox 437 1923 624 1983; x_wconf 87' lang='lat' dir='ltr'>nullatenus</span> <span class='ocrx_word' id='word_1_61' title='bbox 646 1920 820 1982; x_wconf 89' lang='lat' dir='ltr'>destitutus</span> 
     </span>
     <span class='ocr_line' id='line_1_14' title="bbox 76 2018 820 2096; baseline 0.001 -19"><span class='ocrx_word' id='word_1_62' title='bbox 76 2021 227 2080; x_wconf 93' lang='lat' dir='ltr'>consortio</span> <span class='ocrx_word' id='word_1_63' title='bbox 254 2019 417 2096; x_wconf 88' lang='lat' dir='ltr'>religiosis</span> <span class='ocrx_word' id='word_1_64' title='bbox 438 2019 590 2081; x_wconf 91' lang='lat' dir='ltr'>omnibus</span> <span class='ocrx_word' id='word_1_65' title='bbox 611 2035 763 2096; x_wconf 91' lang='lat' dir='ltr'>magnum</span> <span class='ocrx_word' id='word_1_66' title='bbox 786 2018 820 2078; x_wconf 92' lang='lat' dir='ltr'>in</span> 
     </span>
    </p>
   </div>
   <div class='ocr_carea' id='block_1_8' title="bbox 16 2116 857 3559">
    <p class='ocr_par' dir='ltr' id='par_1_8' title="bbox 75 2116 857 2278">
     <span class='ocr_line' id='line_1_15' title="bbox 76 2116 820 2194; baseline 0.003 -20"><span class='ocrx_word' id='word_1_67' title='bbox 76 2116 128 2176; x_wconf 89' lang='lat' dir='ltr'>hoc</span> <span class='ocrx_word' id='word_1_68' title='bbox 138 2118 220 2178; x_wconf 84' lang='lat' dir='ltr'>iacto</span> <span class='ocrx_word' id='word_1_69' title='bbox 236 2117 415 2178; x_wconf 85' lang='lat' dir='ltr'>abstractae</span> <span class='ocrx_word' id='word_1_70' title='bbox 431 2118 516 2178; x_wconf 93' lang='lat' dir='ltr'>vitae</span> <span class='ocrx_word' id='word_1_71' title='bbox 532 2118 717 2194; x_wconf 87' lang='lat' dir='ltr'>exemplum</span> <span class='ocrx_word' id='word_1_72' title='bbox 733 2134 820 2177; x_wconf 92' lang='lat' dir='ltr'>com-</span> 
     </span>
     <span class='ocr_line' id='line_1_16' title="bbox 75 2216 857 2278; baseline 0.005 -4"><span class='ocrx_word' id='word_1_73' title='bbox 75 2216 256 2276; x_wconf 89' lang='lat' dir='ltr'>mendando.</span> <span class='ocrx_word' id='word_1_74' title='bbox 831 2236 857 2278; x_wconf 82' lang='lat' dir='ltr'>ts</span> 
     </span>
    </p>

    <p class='ocr_par' dir='ltr' id='par_1_9' title="bbox 110 2311 820 2391">
     <span class='ocr_line' id='line_1_17' title="bbox 110 2311 820 2391; baseline -0.003 -18"><span class='ocrx_word' id='word_1_75' title='bbox 110 2314 213 2375; x_wconf 89' lang='lat' dir='ltr'>Laudo</span> <span class='ocrx_word' id='word_1_76' title='bbox 240 2323 272 2374; x_wconf 90' lang='lat' dir='ltr'>et</span> <span class='ocrx_word' id='word_1_77' title='bbox 296 2313 477 2374; x_wconf 90' lang='lat' dir='ltr'>honorilico</span> <span class='ocrx_word' id='word_1_78' title='bbox 499 2324 548 2391; x_wconf 90' lang='lat' dir='ltr'>te,</span> <span class='ocrx_word' id='word_1_79' title='bbox 578 2315 653 2375; x_wconf 90' lang='lat' dir='ltr'>Iesu</span> <span class='ocrx_word' id='word_1_80' title='bbox 676 2311 820 2388; x_wconf 89' lang='lat' dir='ltr'>Christe,</span> 
     </span>
    </p>

    <p class='ocr_par' dir='ltr' id='par_1_10' title="bbox 16 2408 821 2585">
     <span class='ocr_line' id='line_1_18' title="bbox 16 2408 821 2490; baseline 0.004 -22"><span class='ocrx_word' id='word_1_81' title='bbox 16 2467 18 2490; x_wconf 68' lang='lat'><strong><em>‚</em></strong></span> <span class='ocrx_word' id='word_1_82' title='bbox 76 2408 158 2470; x_wconf 92' lang='lat' dir='ltr'>cibus</span> <span class='ocrx_word' id='word_1_83' title='bbox 187 2413 376 2489; x_wconf 91' lang='lat' dir='ltr'>angelorum</span> <span class='ocrx_word' id='word_1_84' title='bbox 409 2421 442 2472; x_wconf 93' lang='lat' dir='ltr'>et</span> <span class='ocrx_word' id='word_1_85' title='bbox 472 2413 642 2474; x_wconf 92' lang='lat' dir='ltr'>hominum</span> <span class='ocrx_word' id='word_1_86' title='bbox 674 2411 821 2487; x_wconf 88' lang='lat' dir='ltr'>refectio,</span> 
     </span>
     <span class='ocr_line' id='line_1_19' title="bbox 75 2508 821 2585; baseline 0.004 -20"><span class='ocrx_word' id='word_1_87' title='bbox 75 2523 126 2581; x_wconf 94' lang='lat' dir='ltr'>pro</span> <span class='ocrx_word' id='word_1_88' title='bbox 146 2508 239 2585; x_wconf 88' lang='lat' dir='ltr'>longo</span> <span class='ocrx_word' id='word_1_89' title='bbox 263 2508 359 2569; x_wconf 84' lang='lat' dir='ltr'>famis</span> <span class='ocrx_word' id='word_1_90' title='bbox 381 2509 541 2585; x_wconf 89' lang='lat' dir='ltr'>cruciatu,</span> <span class='ocrx_word' id='word_1_91' title='bbox 566 2526 624 2585; x_wconf 93' lang='lat' dir='ltr'>pro</span> <span class='ocrx_word' id='word_1_92' title='bbox 647 2509 729 2569; x_wconf 91' lang='lat' dir='ltr'>mira</span> <span class='ocrx_word' id='word_1_93' title='bbox 750 2511 821 2569; x_wconf 93' lang='lat' dir='ltr'>abs-</span> 
     </span>
    </p>

    <p class='ocr_par' dir='ltr' id='par_1_11' title="bbox 16 2602 857 3057">
     <span class='ocr_line' id='line_1_20' title="bbox 16 2602 819 2683; baseline 0.009 -24"><span class='ocrx_word' id='word_1_94' title='bbox 16 2623 17 2660; x_wconf 76' lang='lat' dir='ltr'>t</span> <span class='ocrx_word' id='word_1_95' title='bbox 74 2602 199 2665; x_wconf 85' lang='lat' dir='ltr'>tinentia</span> <span class='ocrx_word' id='word_1_96' title='bbox 224 2615 257 2666; x_wconf 91' lang='lat' dir='ltr'>et</span> <span class='ocrx_word' id='word_1_97' title='bbox 279 2606 359 2666; x_wconf 92' lang='lat' dir='ltr'>dura</span> <span class='ocrx_word' id='word_1_98' title='bbox 380 2606 578 2667; x_wconf 91' lang='lat' dir='ltr'>sanctissimi</span> <span class='ocrx_word' id='word_1_99' title='bbox 606 2606 752 2683; x_wconf 92' lang='lat' dir='ltr'>corporis</span> <span class='ocrx_word' id='word_1_100' title='bbox 773 2607 819 2668; x_wconf 92' lang='lat' dir='ltr'>tui</span> 
     </span>
     <span class='ocr_line' id='line_1_21' title="bbox 75 2702 857 2782; baseline 0.005 -22"><span class='ocrx_word' id='word_1_101' title='bbox 75 2702 292 2780; x_wconf 86' lang='lat' dir='ltr'>castigatione,</span> <span class='ocrx_word' id='word_1_102' title='bbox 320 2721 380 2780; x_wconf 94' lang='lat' dir='ltr'>pro</span> <span class='ocrx_word' id='word_1_103' title='bbox 400 2704 512 2764; x_wconf 92' lang='lat' dir='ltr'>multis</span> <span class='ocrx_word' id='word_1_104' title='bbox 533 2703 669 2780; x_wconf 86' lang='lat' dir='ltr'>prolixis</span> <span class='ocrx_word' id='word_1_105' title='bbox 690 2704 857 2782; x_wconf 79' lang='lat' dir='ltr'>vigiliis,20</span> 
     </span>
     <span class='ocr_line' id='line_1_22' title="bbox 75 2801 821 2877; baseline 0.005 -19"><span class='ocrx_word' id='word_1_106' title='bbox 75 2816 125 2873; x_wconf 91' lang='lat' dir='ltr'>pro</span> <span class='ocrx_word' id='word_1_107' title='bbox 143 2801 263 2862; x_wconf 91' lang='lat' dir='ltr'>sanctis</span> <span class='ocrx_word' id='word_1_108' title='bbox 282 2801 484 2861; x_wconf 92' lang='lat' dir='ltr'>orationibus</span> <span class='ocrx_word' id='word_1_109' title='bbox 503 2810 536 2862; x_wconf 91' lang='lat' dir='ltr'>et</span> <span class='ocrx_word' id='word_1_110' title='bbox 550 2801 737 2877; x_wconf 91' lang='lat' dir='ltr'>purissimis</span> <span class='ocrx_word' id='word_1_111' title='bbox 754 2819 821 2862; x_wconf 89' lang='lat' dir='ltr'>me·</span> 
     </span>
     <span class='ocr_line' id='line_1_23' title="bbox 75 2895 821 2960; baseline 0.008 -7"><span class='ocrx_word' id='word_1_112' title='bbox 75 2895 273 2960; x_wconf 91' lang='lat' dir='ltr'>ditationibus</span> <span class='ocrx_word' id='word_1_113' title='bbox 299 2899 333 2958; x_wconf 92' lang='lat' dir='ltr'>in</span> <span class='ocrx_word' id='word_1_114' title='bbox 359 2907 450 2958; x_wconf 89' lang='lat' dir='ltr'>vasta</span> <span class='ocrx_word' id='word_1_115' title='bbox 477 2898 653 2958; x_wconf 89' lang='lat' dir='ltr'>solitudine</span> <span class='ocrx_word' id='word_1_116' title='bbox 682 2898 821 2959; x_wconf 87' lang='lat' dir='ltr'>fideliter</span> 
     </span>
     <span class='ocr_line' id='line_1_24' title="bbox 75 2996 308 3057; baseline 0.026 -7"><span class='ocrx_word' id='word_1_117' title='bbox 75 2996 308 3057; x_wconf 91' lang='lat' dir='ltr'>consummatis.</span> 
     </span>
    </p>

    <p class='ocr_par' dir='ltr' id='par_1_12' title="bbox 76 3091 857 3559">
     <span class='ocr_line' id='line_1_25' title="bbox 110 3091 819 3170; baseline 0.004 -19"><span class='ocrx_word' id='word_1_118' title='bbox 110 3091 212 3154; x_wconf 91' lang='lat' dir='ltr'>Laudo</span> <span class='ocrx_word' id='word_1_119' title='bbox 232 3103 265 3154; x_wconf 90' lang='lat' dir='ltr'>et</span> <span class='ocrx_word' id='word_1_120' title='bbox 287 3094 493 3169; x_wconf 86' lang='lat' dir='ltr'>superexalto</span> <span class='ocrx_word' id='word_1_121' title='bbox 512 3104 545 3154; x_wconf 93' lang='lat' dir='ltr'>te</span> <span class='ocrx_word' id='word_1_122' title='bbox 567 3092 601 3154; x_wconf 92' lang='lat' dir='ltr'>in</span> <span class='ocrx_word' id='word_1_123' title='bbox 623 3111 739 3155; x_wconf 91' lang='lat' dir='ltr'>aevum</span> <span class='ocrx_word' id='word_1_124' title='bbox 761 3111 819 3170; x_wconf 94' lang='lat' dir='ltr'>pro</span> 
     </span>
     <span class='ocr_line' id='line_1_26' title="bbox 76 3186 857 3267; baseline 0.013 -23"><span class='ocrx_word' id='word_1_125' title='bbox 76 3186 140 3250; x_wconf 85' lang='lat' dir='ltr'>lorti</span> <span class='ocrx_word' id='word_1_126' title='bbox 175 3191 352 3253; x_wconf 88' lang='lat' dir='ltr'>certamine</span> <span class='ocrx_word' id='word_1_127' title='bbox 390 3200 503 3253; x_wconf 86' lang='lat' dir='ltr'>eontra</span> <span class='ocrx_word' id='word_1_128' title='bbox 537 3191 719 3267; x_wconf 91' lang='lat' dir='ltr'>diabolum,</span> <span class='ocrx_word' id='word_1_129' title='bbox 761 3209 857 3267; x_wconf 82' lang='lat' dir='ltr'>proas</span> 
     </span>
     <span class='ocr_line' id='line_1_27' title="bbox 76 3288 820 3365; baseline 0.005 -21"><span class='ocrx_word' id='word_1_130' title='bbox 76 3288 233 3365; x_wconf 88' lang='lat' dir='ltr'>multiplici</span> <span class='ocrx_word' id='word_1_131' title='bbox 260 3288 432 3349; x_wconf 87' lang='lat' dir='ltr'>vexatione</span> <span class='ocrx_word' id='word_1_132' title='bbox 457 3288 661 3365; x_wconf 89' lang='lat' dir='ltr'>temptatoris</span> <span class='ocrx_word' id='word_1_133' title='bbox 688 3289 820 3365; x_wconf 88' lang='lat' dir='ltr'>nequis·</span> 
     </span>
     <span class='ocr_line' id='line_1_28' title="bbox 77 3381 819 3463; baseline 0.005 -22"><span class='ocrx_word' id='word_1_134' title='bbox 77 3381 154 3462; x_wconf 90' lang='lat' dir='ltr'>simi,</span> <span class='ocrx_word' id='word_1_135' title='bbox 174 3405 232 3462; x_wconf 94' lang='lat' dir='ltr'>pro</span> <span class='ocrx_word' id='word_1_136' title='bbox 255 3395 443 3462; x_wconf 92' lang='lat' dir='ltr'>contemptu</span> <span class='ocrx_word' id='word_1_137' title='bbox 466 3386 618 3446; x_wconf 92' lang='lat' dir='ltr'>omnium</span> <span class='ocrx_word' id='word_1_138' title='bbox 634 3385 819 3463; x_wconf 89' lang='lat' dir='ltr'>iniquarum</span> 
     </span>
     <span class='ocr_line' id='line_1_29' title="bbox 77 3482 819 3559; baseline 0.008 -21"><span class='ocrx_word' id='word_1_139' title='bbox 77 3483 324 3559; x_wconf 89' lang='lat' dir='ltr'>suggestionum,</span> <span class='ocrx_word' id='word_1_140' title='bbox 350 3500 408 3558; x_wconf 93' lang='lat' dir='ltr'>pro</span> <span class='ocrx_word' id='word_1_141' title='bbox 430 3483 581 3559; x_wconf 89' lang='lat' dir='ltr'>prudenti</span> <span class='ocrx_word' id='word_1_142' title='bbox 604 3482 819 3559; x_wconf 90' lang='lat' dir='ltr'>responsione</span> 
     </span>
    </p>
   </div>
   <div class='ocr_carea' id='block_1_9' title="bbox 77 3579 820 3727">
    <p class='ocr_par' dir='ltr' id='par_1_13' title="bbox 77 3579 820 3727">
     <span class='ocr_line' id='line_1_30' title="bbox 77 3579 820 3657; baseline 0.005 -22"><span class='ocrx_word' id='word_1_143' title='bbox 77 3579 297 3656; x_wconf 88' lang='lat' dir='ltr'>scripturarum</span> <span class='ocrx_word' id='word_1_144' title='bbox 312 3581 352 3640; x_wconf 90' lang='lat' dir='ltr'>ad</span> <span class='ocrx_word' id='word_1_145' title='bbox 367 3580 439 3640; x_wconf 90' lang='lat' dir='ltr'>eius</span> <span class='ocrx_word' id='word_1_146' title='bbox 454 3580 590 3656; x_wconf 88' lang='lat' dir='ltr'>obiecta,</span> <span class='ocrx_word' id='word_1_147' title='bbox 607 3598 665 3656; x_wconf 93' lang='lat' dir='ltr'>pro</span> <span class='ocrx_word' id='word_1_148' title='bbox 679 3580 820 3657; x_wconf 90' lang='lat' dir='ltr'>gloriosa</span> 
     </span>
     <span class='ocr_line' id='line_1_31' title="bbox 430 3685 457 3727; baseline -0.037 0"><span class='ocrx_word' id='word_1_149' title='bbox 430 3685 457 3727; x_wconf 79' lang='lat' dir='ltr'>ar</span> 
     </span>
    </p>
   </div>
   <div class='ocr_carea' id='block_1_10' title="bbox 0 0 1064 4180">
    <p class='ocr_par' dir='ltr' id='par_1_14' title="bbox 0 0 1064 4180">
     <span class='ocr_line' id='line_1_32' title="bbox 0 0 1064 4180; baseline 0 0"><span class='ocrx_word' id='word_1_150' title='bbox 0 0 1064 4180; x_wconf 95' lang='lat' dir='ltr'> </span> 
     </span>
    </p>
   </div>
  </div>
 </body>
</html>
