2194 4180
102 460 846 569 Quam&

96 648 166 708 sius
181 649 400 722 benedictum,
415 648 578 724 posterius
594 648 778 724 formatum,
792 651 851 710 sed

96 747 308 823 principalius
336 746 536 822 insignitum.
586 746 636 805 De
667 747 729 806 hoc
758 764 850 807 sacro

96 853 128 904 et
149 844 355 904 divinissimo
370 843 518 903 vulneris
541 843 630 903 fonte
652 843 850 920 quicumque

95 943 213 1003 biberit
233 943 286 1002 vel
308 942 411 1002 semel
441 942 561 1002 amoris
590 942 741 1002 haustum
764 960 851 1002 sum-

95 1039 214 1115 pserit,
244 1040 391 1099 omnium
422 1040 581 1100 malorum
613 1056 747 1100 suorum
773 1041 874 1100 obli-s

95 1139 256 1214 viscetur,
284 1138 323 1197 ab
350 1146 442 1198 aestu
464 1137 702 1198 desideriorum
730 1146 851 1214 tempo-

95 1236 212 1295 ralium
224 1244 256 1294 et
267 1235 445 1295 carnalium
457 1235 633 1310 sanabitur,
644 1244 850 1295 aeternorum

94 1333 292 1392 accendetur
313 1350 441 1408 amore,
470 1333 688 1408 inexplicabili
718 1332 850 1393 dulcore

20 1445 22 1464 ³
94 1429 197 1489 sancti
222 1428 362 1505 Spiritus
384 1431 578 1506 replebitur,
608 1430 727 1507 fietque
756 1430 788 1489 in
811 1447 850 1490 eo

95 1527 169 1586 fons
191 1543 294 1603 aquae
312 1527 406 1587 vivae
422 1528 570 1588 salientis
585 1528 618 1588 in
634 1529 732 1589 vitam
748 1537 850 1588 aeter·
862 1546 887 1588 ro

95 1642 180 1685 nam.

135 1723 239 1798 Intra,
270 1723 370 1798 intra,
397 1724 505 1784 anima
527 1741 617 1800 mea,
645 1725 678 1784 in
701 1724 849 1783 dextrum

20 1855 21 1874 r
94 1821 179 1880 latus
194 1820 327 1880 Domini
350 1822 396 1881 tui
417 1821 573 1882 crucifixi.
617 1822 703 1882 lntra
723 1838 783 1897 per
804 1821 851 1880 in·

20 1937 21 1946 ¹
95 1918 187 1996 signe
210 1919 330 1979 vulnus
352 1919 391 1978 ad
412 1919 672 1980 amantissimum
697 1936 753 1978 cor
776 1919 849 1978 lesu

20 2097 22 2100 Ι
95 2033 133 2076 ex
156 2033 267 2076 amore
289 2017 562 2076 translanceatum
587 2018 626 2077 ad
647 2018 849 2094 pausandum
862 2035 886 2078 1⁵

95 2112 127 2172 in
151 2112 310 2173 foramine
326 2123 436 2190 petrae
458 2115 619 2174 aturbine
635 2116 757 2176 mundi.
790 2116 850 2176 Ac-

94 2210 174 2270 cede
197 2212 295 2270 homo
318 2211 356 2270 ad
379 2229 435 2271 cor
461 2213 578 2288 altum,
609 2229 666 2272 cor
696 2214 850 2289 abditum,

94 2325 150 2367 cor
172 2317 347 2384 secretum,
369 2309 409 2368 ad
431 2327 488 2368 cor
510 2311 571 2371 Dei
594 2311 771 2387 aperientis
792 2311 848 2371 tibi

93 2406 213 2465 ostium
236 2423 343 2466 suum.
380 2407 553 2484 Ingredere
575 2409 745 2468 benedicte
762 2410 850 2485 Deo;

21 2491 23 2502 ⁴
93 2521 151 2564 cur
183 2503 263 2563 foris
294 2505 387 2564 stas?
431 2506 594 2565 Patefacta
616 2506 743 2566 esttibi
766 2522 886 2568 venaao

92 2602 195 2676 vitae,
226 2601 279 2660 via
300 2603 430 2677 salutis,
461 2621 536 2663 arca
564 2603 731 2680 caelestis,
762 2604 848 2663 unde

93 2698 198 2758 iluunt
219 2708 363 2759 aromata
385 2701 494 2759 multa.
525 2701 608 2760 Ecce
624 2702 716 2761 locus
732 2701 848 2778 refugii

22 2785 23 2794 ’
91 2795 215 2854 afacie
238 2797 425 2872 temptantis
453 2797 594 2874 inimici,
623 2800 715 2859 locus
743 2800 849 2876 propi-

92 2893 236 2954 tiationis
258 2895 297 2954 ab
318 2895 365 2955 ira
380 2896 490 2955 iudicii
507 2897 748 2973 subsequentis.
785 2898 848 2958 Hic

94 3001 145 3052 est
167 2991 242 3051 fons
264 2993 327 3052 olei
350 3003 382 3053 et
402 2994 523 3070 gratiae
539 2994 656 3070 iugiter
678 2996 848 3072 manantis,
857 3015 884 3056 25

44 3119 46 3124 ·
90 3089 144 3165 qui
167 3090 392 3165 peccatoribus
407 3107 584 3166 numquam
601 3102 707 3154 cessat
722 3094 848 3154 miseri-

91 3187 234 3246 cordiam
257 3187 441 3263 propinare‚
463 3187 490 3247 si
513 3205 553 3248 ex
575 3197 641 3249 toto
659 3191 756 3249 corde
772 3207 847 3250 con-

90 3285 155 3345 triti
187 3285 351 3344 voluerint
381 3285 548 3345 accedere.
598 3287 661 3346 Hic
693 3296 743 3346 est
773 3287 847 3347 fons

90 3382 192 3442 divini
215 3382 361 3442 fluminis
383 3382 423 3442 de
445 3382 553 3442 medio
568 3384 707 3458 paradisi
724 3386 847 3460 egredi-

90 3481 175 3540 entis
204 3480 251 3539 ad·
272 3480 466 3556 irrigandam
496 3481 703 3556 superficiem
730 3492 883 3558 terrae‚ao

89 3579 128 3638 ad
150 3577 323 3654 potandam
346 3578 433 3637 sitim
456 3578 564 3638 aridae
586 3579 716 3656 mentis,
738 3582 776 3640 ad
792 3581 844 3640 ab·

451 3682 489 3724 197
