2152 4174
225 390 972 502 Qfflmafflffi

220 582 256 642 ln
292 583 354 641 hoc
388 580 535 657 apparuit
570 579 820 656 supereminens
856 581 976 642 caritas

219 689 273 739 tua
301 696 375 739 cum
405 677 562 739 indicibili
592 679 859 755 mansuetudine,
891 697 977 757 quae

219 793 280 836 nec
302 775 388 836 vinci
418 775 522 854 potuit
549 792 611 835 nec
640 793 658 835 a
679 785 811 854 precatu
833 776 976 853 supplici

219 891 359 934 cessare.
423 873 472 933 llli
516 874 753 935 clamaverunt:
797 874 977 952 Cruciiige,

197 971 392 1048 scruciiige,
428 981 460 1032 et
489 980 524 1032 tu
556 971 654 1032 dicis:
691 972 805 1047 Pater,
838 971 977 1032 dimitte.

221 1069 269 1129 llli
306 1070 416 1129 clavos
451 1068 587 1128 intinere
623 1068 837 1143 durissimos,
872 1079 906 1130 et
941 1078 976 1128 tu

220 1184 332 1227 eorum
365 1182 503 1226 excusas
534 1181 691 1225 excessus
720 1165 977 1227 nefandissimos

221 1266 350 1325 dicens:
379 1264 453 1323 Non
476 1262 564 1323 enim
587 1262 711 1338 sciunt,
740 1263 816 1340 quid
842 1263 977 1323 iaciunt.

220 1362 250 1424 O
273 1361 419 1424 miranda
440 1359 545 1436 pietas
566 1370 630 1434 tua,
653 1359 804 1422 Christe!

186 1483 210 1522 ro
261 1460 325 1521 Sed
354 1461 419 1519 heu
448 1457 647 1534 perversitas
675 1458 784 1534 populi
812 1458 978 1534 obstinati,

221 1557 275 1635 qui
307 1557 346 1618 ad
377 1567 441 1617 tam
473 1547 639 1615 caritativa
669 1556 768 1616 verba
801 1572 868 1616 non
900 1566 978 1616 sunt

221 1654 417 1731 compuncti.
458 1654 537 1713 Plus
558 1653 667 1730 itaque
689 1652 821 1714 doluisti
844 1654 884 1714 de
907 1654 978 1713 illo-

221 1770 292 1812 rum
324 1769 421 1812 caeca
451 1750 613 1828 nequitia,
648 1768 743 1828 quam
775 1752 816 1811 de
845 1751 979 1827 propria

221 1849 355 1925 iniuria3
377 1849 546 1926 magisque
567 1857 599 1910 te
614 1848 798 1926 aggravavit
812 1857 977 1909 tantorum

187 1964 212 2004 15
222 1948 384 2007 scelerum
406 1945 607 2022 commissio,
628 1963 725 2023 quam
744 1947 891 2007 omnium
907 1948 978 2008 vui-

221 2061 336 2106 nerum
373 2043 430 2105 tibi
466 2043 663 2105 inflictorum
704 2045 868 2107 cruciatio.
927 2045 977 2106 llli

221 2152 377 2220 egerunt,
414 2141 572 2219 quidquid
607 2143 749 2219 nequius
783 2152 978 2220 potuerunt3

220 2250 263 2305 tu.
277 2241 326 2302 eis
348 2240 466 2301 iterum
489 2239 675 2315 reddidisti,
706 2240 862 2317 quidquid
891 2242 978 2302 salu-

219 2339 311 2399 brius
333 2338 488 2400 exhibere
510 2335 653 2413 potuisti.
686 2336 874 2398 Piissimum
898 2355 978 2415 ergo

182 2435 281 2496 afuit
302 2446 334 2497 et
355 2435 513 2512 optimum
536 2451 594 2510 pro
610 2443 674 2496 tam
691 2434 885 2496 facinorosis
901 2454 978 2513 sup-

219 2535 351 2610 plicare,
373 2543 408 2594 ut
429 2551 447 2593 a
469 2531 539 2592 suis
558 2531 691 2593 malitiis
707 2544 979 2596 converterentur
1071 2617 1072 2620 Ἴ

220 2641 252 2691 et
273 2640 305 2692 te
327 2648 440 2691 verum
458 2630 518 2690 Dei
543 2629 645 2691 filium
668 2630 701 2690 in
724 2648 821 2692 carne
842 2633 978 2694 venisse

220 2738 443 2806 agnoscerent.
496 2727 616 2805 Sicque
651 2729 840 2789 memoriale
873 2731 978 2791 Isaiae

220 2827 355 2887 verbum
387 2825 560 2901 impletur,
595 2827 682 2903 quod
713 2829 977 2902 praenuntiatum

183 2925 260 2987 asde
287 2934 318 2984 te
340 2923 513 2985 verissime
535 2923 668 3000 legitur:
692 2923 731 2983 Et
752 2924 823 3000 ipse
845 2936 979 3001 peccata

220 3021 395 3080 multorum
427 3021 501 3082 tulit
531 3030 564 3082 et
592 3039 650 3098 pro
679 3023 978 3100 transgressoribus

220 3117 333 3194 oravit,
355 3128 477 3180 utnon
499 3119 654 3195 perirent.

261 3215 346 3293 Quis
357 3216 420 3278 iam
432 3215 585 3292 desperet
600 3217 640 3277 de
651 3226 858 3293 peccatorum
870 3216 978 3291 venia,

220 3312 349 3390 quando
378 3313 424 3373 iili
454 3322 574 3373 tantam
596 3313 828 3390 benignitatem
851 3313 976 3390 experti

183 3420 316 3486 absunt,
351 3411 406 3486 qui
438 3411 555 3471 veniae
586 3411 770 3488 largitorem
807 3410 977 3471 crucifixe-

221 3509 322 3568 runt?
354 3508 429 3568 Noli
453 3508 638 3584 desperare,
659 3508 767 3569 anima
787 3525 877 3582 mea,
900 3508 977 3570 licet

583 3613 621 3654 rna
