2152 4174
256 397 1000 506 Qffimafflfflffi

248 584 300 645 nis
315 585 559 646 iubilationibus
581 585 646 646 tuis
668 603 708 647 ex
723 586 907 662 praesentia
929 585 1004 645 eius
1060 659 1061 662 Ἴ

248 693 280 743 et
302 683 442 760 Spiritus
473 683 575 744 sancti
607 683 770 760 aspirante
797 683 899 760 gratia
927 683 1005 742 sub·

247 783 337 859 ortis,
359 782 414 842 diu
436 782 725 859 desideranterque
746 781 866 858 potitis.

288 880 465 956 Benedico‚
487 881 582 941 laudo
598 889 631 940 et
645 878 817 957 magnifico
838 887 880 955 te,
903 895 1005 938 vene-

223 977 358 1038 srabilis
389 977 520 1038 domina
548 995 620 1038 mea
651 987 763 1038 sancta
790 976 910 1051 illaria,
944 993 1005 1052 pro

246 1084 301 1135 tua
330 1074 506 1151 purissima
537 1084 569 1135 et
598 1074 806 1135 sanctissima
835 1073 900 1134 vita
931 1074 1004 1133 Deo

247 1181 278 1232 et
300 1172 424 1248 angelis
445 1171 645 1249 gratissima,
674 1173 769 1249 longo
798 1183 947 1247 ternpore
971 1171 1003 1231 in

246 1269 347 1329 multa
377 1278 565 1345 paupertate
596 1279 628 1330 et
658 1270 789 1330 silentio
821 1287 894 1330 cum
925 1271 1004 1330 Iesu

244 1377 415 1444 transacta,
437 1367 601 1444 pressuris
623 1377 655 1429 et
677 1367 926 1429 adversitatibus
950 1385 1005 1428 va·

210 1487 235 1528 ro
246 1465 303 1526 riis
331 1467 480 1542 probata,
511 1465 663 1526 omnibus
690 1465 816 1528 Christi
849 1464 1004 1526 fidelibus

246 1565 284 1624 ad
307 1565 492 1641 exemplum
523 1564 659 1624 devotae
690 1563 880 1624 imitationis
908 1564 1004 1624 dere·

246 1661 320 1722 licta
342 1672 374 1723 et
395 1660 550 1738 usquein
566 1659 664 1721 finem
682 1661 805 1720 saeculi
821 1661 1002 1721 universali

246 1759 406 1819 ecclesiae
428 1759 462 1818 in
483 1776 586 1836 agone
609 1759 749 1820 maxime
771 1759 952 1835 profutura.

286 1856 469 1932 Benedico,
498 1857 593 1917 laudo
615 1866 648 1916 et
669 1856 811 1916 clarifico
832 1867 882 1932 te,
910 1857 1004 1918 beni·

212 1953 403 2030 15gnissima
424 1963 457 2013 et
480 1953 692 2013 devotissima
719 1964 823 2014 mater
845 1955 907 2015 Dei
930 1957 1004 2016 lila-

246 2050 309 2126 ria,
337 2068 395 2128 pro
417 2050 569 2111 omnibus
591 2050 718 2111 devotis
747 2052 912 2113 exercitiis
935 2053 1003 2113 tuis

245 2165 281 2207 ac
304 2147 406 2208 sacris
428 2147 693 2208 meditationibus
714 2148 747 2208 in
770 2151 841 2226 lege
862 2150 923 2210 Dei
949 2150 1002 2210 die

244 2254 409 2322 noctuque
450 2246 609 2322 peractis,
651 2262 709 2322 pro
745 2245 1002 2306 ferventissimis

244 2341 445 2402 orationibus
469 2343 535 2402 tuis
563 2343 772 2420 lacrimisque
803 2353 835 2404 et
866 2343 1002 2405 ieiuniis

207 2441 283 2501 acad
307 2442 412 2501 Deum
444 2458 560 2518 magna
591 2441 744 2502 instantia
774 2458 833 2518 pro
864 2458 1003 2503 conver·
1060 2511 1061 2526 ἶ

244 2541 337 2601 sione
367 2548 575 2617 peccatorum
607 2548 639 2599 et
673 2540 920 2615 perseverantia
955 2541 1003 2600 iu·
1060 2527 1061 2558 ³

244 2647 369 2697 storum
392 2636 546 2713 profusis,
568 2653 626 2712 pro
641 2635 756 2698 intima
770 2639 1002 2714 compassione
1060 2681 1061 2720 3

244 2744 299 2794 tua
329 2750 403 2794 cum
439 2733 636 2810 pauperibus
667 2744 700 2794 et
734 2735 891 2811 infirmis,
928 2753 1001 2796 cum

245 2831 409 2906 temptatis
431 2841 464 2892 et
485 2831 580 2891 anxie
609 2832 767 2908 gravatis,
795 2849 853 2908 pro
876 2834 1002 2894 sitienti
1060 2861 1061 2894 r

208 2927 407 2991 asdesiderio
423 2938 478 2988 tuo
494 2930 533 2989 ad
548 2929 681 2989 humani
704 2930 835 3006 generis
851 2933 1003 3008 salutem,

245 3025 331 3101 quod
359 3043 468 3085 amara
499 3026 556 3087 lilii
586 3027 632 3087 tui
662 3037 767 3088 morte
788 3044 931 3090 noveras
954 3047 1003 3090 re·
1060 3035 1061 3074 l

244 3122 443 3184 dimendum.
500 3123 538 3183 Et
573 3124 649 3185 licet
689 3124 846 3186 indicibili
890 3144 1002 3188 amore

244 3219 378 3279 unicum
407 3219 561 3296 diligeres
589 3219 709 3296 lilium,
738 3238 801 3282 non
829 3233 940 3285 tamen
963 3225 1002 3284 ab

245 3317 376 3378 horrido
399 3317 507 3378 crucis
529 3333 683 3394 aggressu
703 3318 811 3394 ipsum
827 3321 1003 3397 retraxisti,
1060 3363 1061 3392 t

207 3416 303 3480 sosed
331 3425 431 3477 temet
453 3417 556 3492 ipsam
580 3433 653 3476 cum
677 3415 743 3476 lilio
765 3417 895 3478 divinae
918 3419 1003 3480 ordi·
1060 3413 1061 3418 ’

245 3513 367 3572 nationi
390 3513 536 3589 plenarie
557 3513 749 3573 submisisti.
792 3513 945 3576 Attamen
969 3517 1001 3576 in
1060 3541 1061 3572 r

606 3617 644 3658 rsa
1060 3621 1061 3626 ¹
