2152 4174
92 451 839 564 Qfflffisoafflffi

83 641 159 717 isto,
181 642 269 718 quod
291 641 399 702 statim
422 650 495 718 post
516 639 599 701 aceti
622 639 842 715 sumptionem

84 739 178 816 quasi
201 740 303 800 totius
324 738 410 799 vitae
438 747 513 798 tuae
542 737 721 797 clausulam
753 746 842 796 recte

82 837 248 912 protulisti
274 836 403 897 dicens:
425 835 698 897 Consummatum
724 845 784 911 est,
806 852 843 895 ac

82 935 112 993 si
134 944 285 1010 patenter
313 934 457 995 diceres:
488 934 553 994 lam
583 934 753 1010 impletum
782 944 843 1009 est,

82 1032 244 1108 quidquid
259 1040 355 1091 vetus
370 1032 423 1091 lex
438 1031 477 1091 de
493 1047 546 1091 me
561 1030 730 1107 praedixit,
752 1031 866 1109 quid-s

82 1129 163 1204 quid
174 1128 410 1189 sacrificiorum
427 1127 508 1188 ritus
524 1137 557 1188 et
572 1128 842 1189 caerimoniarum

82 1243 180 1285 sacer
211 1226 319 1286 cultus
351 1225 543 1304 designavit.
587 1226 652 1286 Iam
684 1226 845 1287 veraciter

81 1323 215 1398 expleta
236 1332 312 1382 sunt
335 1324 466 1383 oracula
486 1333 673 1384 sanctorum
705 1326 844 1402 prophe·

79 1428 190 1480 tarum
227 1429 259 1480 et
294 1419 349 1480 diu
380 1430 488 1497 optata
518 1421 682 1482 desideria
715 1431 842 1498 patrum

79 1517 303 1594 antiquomm.
329 1519 395 1579 lam
410 1536 519 1595 omne,
539 1520 625 1596 quod
641 1521 680 1581 ad
696 1521 843 1597 redemp·
854 1537 879 1580 ro

78 1615 208 1675 tionem
239 1616 380 1692 pertinet
410 1617 542 1694 generis
576 1617 728 1692 humani,
757 1634 843 1677 com-

78 1714 208 1789 pletum
223 1715 320 1775 habet
335 1714 500 1790 ellectum,
522 1715 679 1791 quidquid
694 1715 727 1775 in
742 1715 844 1793 scrip·

78 1809 169 1870 turis
208 1812 329 1871 sanctis
369 1811 506 1872 caelitus
548 1822 598 1872 est
633 1813 843 1889 promissum,

78 1916 200 1982 totum,
221 1907 306 1968 sicut
327 1909 469 1985 oportuit
500 1927 537 1968 ac
558 1910 668 1970 decuit
690 1928 748 1987 pro
771 1913 842 1971 loco

79 2014 117 2064 et
139 2013 296 2082 tempore,
318 2008 422 2082 palam
444 2016 571 2084 gestum
594 2017 645 2068 est
667 2018 698 2068 et
720 2008 841 2069 salubri
854 2028 878 2069 rs

81 2102 153 2162 fine
173 2103 393 2165 terminatum.
436 2105 594 2167 Ceterum
617 2125 736 2184 pauca,
758 2125 842 2185 quae

81 2209 225 2276 restant,
255 2202 379 2278 absque
409 2203 508 2264 dubio
539 2204 572 2264 in
604 2222 664 2265 suo
694 2215 842 2282 tempore

80 2299 345 2374 complebuntur.
395 2300 460 2377 Ego
492 2312 702 2379 praeceptum
736 2304 842 2364 Patris

80 2395 151 2456 mei
172 2396 323 2472 implevi,
354 2397 408 2473 qui
432 2415 485 2457 me
507 2398 596 2459 misit
617 2399 650 2459 in
673 2401 842 2476 mundum,

80 2509 168 2569 opus
197 2495 439 2570 consummavi,
469 2495 556 2571 quod
587 2496 675 2557 dedit
704 2498 783 2557 mihi
807 2506 878 2558 uteo

81 2591 238 2651 facerem.

8 2673 9 2690 ¹
125 2687 192 2747 Iam
215 2698 289 2747 ante
312 2688 467 2749 sanitates
489 2690 617 2767 peregi,
641 2691 734 2768 signa
762 2693 842 2752 divi-

8 2833 9 2838 ,
79 2786 194 2846 nitatis
217 2787 302 2846 clare
325 2787 452 2847 ostendi
476 2797 518 2864 et,
550 2789 634 2849 sicut
656 2789 766 2850 docuit
788 2807 840 2850 me

82 2885 191 2959 Pater,
215 2884 258 2944 ita
272 2884 305 2944 in
322 2885 444 2945 mundo
462 2885 645 2962 praedicavi
667 2903 728 2945 nec
753 2885 842 2962 quic·

80 2998 180 3058 quam
217 2982 407 3043 salutarium
443 2983 664 3044 doctrinarum
696 2984 878 3048 fideliumzs

79 3078 217 3139 auribus
252 3080 406 3140 subtraxi.
463 3081 529 3140 lam
572 3081 703 3158 triginta
736 3081 841 3141 tribus

80 3177 178 3237 annis
200 3177 233 3236 in
255 3186 342 3237 terra
356 3177 582 3255 peregrinatus
605 3197 677 3239 sum
694 3196 767 3239 cum
783 3181 841 3239 ho-

80 3274 227 3335 minibus
256 3275 401 3336 suaviter
429 3285 659 3352 conversatus,
687 3277 720 3336 in
747 3277 841 3337 itine-

80 3372 174 3432 ribus
203 3372 393 3449 Frequenter
422 3373 590 3450 fatigatus,
625 3375 663 3434 ab
690 3375 840 3435 adversa·

80 3470 141 3530 riis
176 3471 318 3547 graviter
353 3471 587 3547 calumniatus,
626 3489 644 3530 a
678 3471 876 3548 discipuloso

80 3568 231 3642 traditus,
248 3568 287 3627 ab
303 3568 417 3628 amicis
433 3568 619 3644 derelictus,
635 3570 674 3629 ab
689 3569 839 3630 hostibus

447 3674 485 3716 1⁷5
