2152 4174
230 383 975 491 Qwhfflffi

223 570 303 630 serit
325 570 503 647 sanguinis,
525 571 583 630 sed
603 569 760 647 quidquid
776 569 859 630 sacri
876 569 978 647 liquo·

223 667 268 728 ris
299 668 415 728 vivens
446 685 505 728 seu
537 667 682 728 moriens
712 667 801 727 intus
836 666 978 727 habuisti

223 766 437 841 reconditum,
459 767 521 825 hoc
541 774 643 825 totum
660 765 693 825 in
709 765 781 841 pios
796 765 978 826 animarum

222 872 405 923 nostrarum
446 863 525 923 exiit
558 880 638 922 usus
680 872 712 922 et
759 863 792 922 in
837 863 978 938 pretium

200 960 347 1021 ssalutis.

263 1057 293 1119 O
324 1058 469 1136 quinque
500 1056 643 1133 pretiosa
672 1058 826 1133 vulnera,
858 1057 980 1118 amoris

223 1157 342 1216 summi
365 1157 458 1233 signa
478 1156 663 1232 praecipua,
684 1156 815 1217 divinae
835 1155 979 1215 dulcedi·

222 1254 275 1314 nis
296 1255 402 1330 plena,
423 1255 510 1316 unde
527 1264 679 1330 peccator
694 1254 819 1315 firmam
836 1253 979 1330 concipit

223 1351 391 1428 liduciam,
426 1370 469 1413 ne
500 1369 555 1412 rea
585 1352 689 1428 ipsius
721 1353 873 1427 desperet
904 1368 979 1411 con·

189 1449 368 1511 inscientia.
422 1450 457 1509 In
489 1450 541 1510 his
572 1451 734 1510 medicina
754 1450 860 1525 vitae,
887 1450 980 1526 copia
1059 1487 1060 1490 =

222 1547 362 1623 gratiae,
393 1547 559 1623 plenitudo
583 1547 822 1624 indulgentiae,
843 1547 978 1608 latitudo

223 1645 484 1721 misericordiae,
514 1654 606 1721 porta
634 1644 815 1721 promissae
846 1645 978 1721 gloriae.

225 1742 392 1820 Quidquid
428 1743 574 1803 maculae
610 1744 785 1817 contraho,
820 1743 978 1821 quidquid

224 1841 371 1917 corporis
393 1841 546 1901 sensibus
565 1840 730 1917 delinquo,
752 1842 814 1900 hoc
836 1842 924 1902 clare
946 1842 977 1902 in

191 1939 277 2001 rshis
306 1937 451 2015 quinque
480 1937 625 1998 fontibus
654 1937 743 2013 lavo,
774 1955 919 2016 expurgo
948 1950 978 2001 et

225 2036 374 2095 emendo.

266 2133 374 2192 Laudo
397 2142 429 2193 et
450 2133 630 2193 honorifico
650 2143 693 2208 te,
716 2132 859 2208 Christe,
882 2134 978 2194 unice

224 2238 256 2290 et
278 2230 395 2290 dilecte
418 2249 538 2308 sponse
561 2233 721 2294 ecclesiae
743 2242 892 2309 sanctae,
921 2252 978 2311 pro

223 2329 452 2390 inaestimabili
478 2331 610 2391 caritate
638 2341 709 2407 tua,
738 2348 801 2408 qua
829 2331 980 2408 dignatus

187 2442 260 2486 aoes
283 2425 422 2487 animam
445 2446 550 2489 meam
569 2429 602 2489 in
619 2429 777 2506 sanguine
792 2430 978 2490 testamenti

224 2524 270 2583 tui
307 2525 346 2585 de
382 2525 513 2586 vinculo
549 2529 673 2604 primae
708 2521 980 2603 transgressionis

224 2621 405 2698 redimere,
433 2641 452 2682 a
473 2625 616 2700 peccatis
638 2626 790 2686 omnibus
811 2625 981 2699 mundare,

223 2718 379 2780 virtutum
402 2730 530 2782 tuarum
553 2723 679 2784 meritis
708 2723 810 2783 ditare
835 2731 867 2781 et
889 2723 981 2782 ador·

223 2833 318 2892 nare,
349 2827 384 2877 ut
412 2818 469 2878 tibi
500 2819 596 2895 digne
624 2831 736 2896 posset
765 2819 919 2897 coniungi
950 2829 981 2879 et

187 2916 309 2976 asuniri
333 2927 487 2995 essetque
509 2920 606 2979 modo
629 2926 739 2979 sancta
760 2934 819 2993 per
835 2917 981 2993 gratiam,

223 3015 430 3089 postmodum
448 3033 528 3076 vero
550 3017 583 3077 in
607 3033 706 3092 regno
729 3013 884 3074 claritatis
906 3024 980 3074 tuae

223 3112 316 3171 beata
336 3129 395 3187 per
416 3112 561 3188 gloriam.

264 3208 328 3268 Hic
350 3209 572 3269 animadverte
603 3208 791 3285 diligenter,
822 3227 840 3269 o
873 3210 981 3270 anima

225 3305 341 3381 lidelis,
362 3307 447 3382 vide,
468 3323 563 3384 quam
580 3322 696 3382 magno
712 3314 744 3366 et
758 3305 858 3365 nobili
875 3306 979 3381 pretio

186 3412 255 3464 aote
278 3404 433 3479 redemit,
462 3404 517 3481 qui
547 3405 585 3464 ad
614 3403 788 3480 imaginem
812 3413 844 3463 et
866 3403 980 3464 simili·

223 3501 369 3560 tudinem
399 3518 491 3561 suam
520 3501 658 3577 gratuita
686 3500 828 3560 bonitate
856 3508 889 3560 te
912 3517 979 3560 cre·

584 3605 622 3646 122
