2118 4180
28 393 781 510 Qissfflirrosfflffiffi

22 605 104 647 rens
129 587 202 646 Deo
223 584 305 662 patri
335 601 393 660 pro
415 582 511 644 nobis
531 591 607 642 vota
629 581 735 641 laudis
757 589 789 642 et

23 701 166 761 precum
195 692 380 744 sanctarum
404 690 501 756 atque
523 678 556 738 in
579 677 686 738 medio
715 677 789 737 doc-

23 791 137 841 torum
168 797 250 856 puer
277 777 462 840 duodennis
489 775 602 837 sedisti
622 774 791 836 humiliter

26 880 102 940 illos
141 879 279 939 audiens
312 888 344 939 et
374 878 553 954 prudenter
587 874 791 950 interrogans

26 976 180 1036 omniurn
202 975 430 1052 aspicientium
460 973 493 1034 in
522 982 554 1033 te
578 973 692 1033 oculos
716 988 827 1036 con-5

28 1073 170 1134 vertisti.

68 1170 186 1230 Laudo
197 1178 228 1233 et
243 1169 449 1244 superexalto
465 1175 497 1228 te
513 1167 687 1228 devotione
702 1184 792 1243 prae·

29 1267 127 1343 cipua
159 1284 219 1343 pro
250 1266 457 1327 reverentiali
488 1265 695 1327 oboedientia
728 1274 793 1342 tua,

29 1381 127 1440 quarn
162 1362 353 1440 parentibus
382 1361 436 1423 diu
465 1362 605 1425 sollicite
633 1373 665 1424 te
696 1379 794 1440 quae-

31 1462 183 1522 rentibus
202 1471 233 1522 et
248 1459 493 1521 invenientibus
508 1458 696 1534 exhibuisti,
716 1459 830 1519 dumio

31 1557 165 1620 illorum
189 1551 326 1634 imperio
348 1567 399 1634 tu,
421 1558 597 1635 imperator
619 1557 794 1631 caelorum,

34 1656 205 1717 humiliter
235 1655 385 1716 subditus
415 1654 549 1717 extitisti
583 1665 616 1716 et
646 1655 795 1732 propriae

35 1752 195 1813 voluntati
234 1752 342 1813 statim
383 1753 586 1814 renuntiasti.
642 1753 795 1830 Cumque

36 1852 174 1911 verbum
197 1851 236 1911 ad
258 1867 295 1911 se
317 1849 438 1910 dictum
454 1867 520 1911 non
535 1860 699 1927 caperent,
721 1868 795 1911 cum

36 1943 116 2020 ipsis
138 1946 263 2023 pariter
284 1947 324 2006 de
340 1947 518 2007 Ierusalem
533 1947 568 2007 in
583 1947 745 2008 Nazareth
761 1956 797 2007 ut
808 1964 833 2005 rs

38 2043 181 2118 optimae
205 2042 349 2120 parentis
373 2044 684 2106 oboedientissimus
711 2044 798 2105 filius

38 2139 249 2202 descendisti.

78 2237 107 2299 O
130 2237 324 2299 dulcissime
347 2239 438 2316 Iesu,
462 2257 545 2316 puer
565 2239 799 2315 amantissime,

40 2335 145 2397 omnis
179 2335 359 2397 sanctitatis
389 2353 426 2396 ac
457 2335 588 2397 virtutis
619 2337 800 2412 speculum,

41 2431 119 2494 doce
154 2451 210 2495 me
245 2433 395 2511 propriae
430 2434 607 2494 voluntatis
650 2435 837 2511 frangerem

41 2529 306 2607 perversitatem,
330 2531 470 2592 libenter
491 2531 702 2608 acquiescere
724 2550 800 2593 con·

43 2623 113 2685 silio
135 2625 317 2703 seniorum,
341 2629 458 2688 devote
480 2628 613 2689 visitare
637 2630 698 2690 Dei
721 2640 802 2690 tem-

45 2720 149 2800 plum,
193 2732 315 2785 attente
357 2725 469 2786 audire
509 2726 697 2801 praedicare
734 2744 803 2787 ser·

46 2833 173 2880 monem
182 2830 286 2897 tuum,
301 2821 452 2882 doctores
467 2823 627 2883 ecclesiae
642 2823 803 2899 venerari,

47 2916 270 2992 superioribus
291 2919 432 2979 libenter
453 2920 607 2981 oboedire
629 2930 661 2981 et
682 2921 716 2980 in
732 2937 840 2997 per-25

50 3010 127 3075 lecta
154 3015 361 3077 subiectione
390 3017 543 3078 omnibus
573 3018 689 3078 diebus
718 3019 803 3079 vitae

50 3125 134 3172 meae
156 3112 215 3174 tibi
238 3113 397 3175 laetanter
418 3115 554 3175 servire.

416 3330 443 3385 2

93 3614 179 3657 llwmao
193 3630 208 3658 a
223 3619 252 3658 K.
269 3615 328 3659 Med.
418 3619 446 3659 33
