2118 4180
77 437 806 547 monam&

73 629 124 686 bus
141 627 289 704 gloriosis
311 625 471 685 decorasti
495 625 670 686 miraculis
705 625 813 685 Hodie

73 742 196 801 namque
224 724 319 784 stella
347 725 430 784 duce
454 733 523 783 tres
545 740 639 800 reges
660 725 700 784 ad
721 733 812 788 tuum

73 823 175 883 duxisti
208 823 425 899 praesepium.
479 821 585 881 Hodie
621 839 639 880 a
670 821 814 880 Iohanne

72 921 235 996 baptizatus
255 938 292 980 es
307 920 341 979 in
358 920 503 980 Iordane.
541 918 647 978 Hodie
670 935 710 978 ex
731 935 814 994 aqua

72 1018 169 1077 vinum
192 1018 299 1078 iecisti
321 1019 361 1078 ad
383 1018 513 1094 nuptias
535 1027 566 1077 et
589 1017 621 1076 in
643 1017 696 1076 his
711 1017 814 1077 omni·
837 1027 850 1067 ⁵

72 1117 123 1175 bus
142 1126 171 1176 te
194 1117 300 1176 Deum
324 1124 356 1175 et
377 1115 545 1174 hominem
570 1114 740 1174 evidenter
761 1114 815 1174 de-

72 1213 195 1272 clarasti.
253 1213 375 1272 Precor
410 1230 486 1289 ergo
522 1222 573 1287 te,
608 1211 743 1272 humilis
778 1229 814 1270 ac

72 1321 227 1372 mansuete
249 1310 401 1386 Domine,
422 1327 464 1369 ne
486 1327 539 1369 me
561 1309 730 1385 permittas
750 1309 815 1368 He·

73 1408 201 1467 rodianis
223 1408 336 1469 seduci
365 1408 518 1483 fallaciiS,
547 1408 659 1468 mundi
689 1407 815 1468 scilicet

72 1506 237 1567 honoribus
260 1525 297 1566 ac
319 1506 427 1567 carnis
456 1506 637 1581 illecebris;
666 1506 724 1565 sed
749 1522 815 1564 me·
826 1515 851 1558 1⁰

72 1602 134 1662 ritis
151 1613 335 1664 sanctorum
359 1621 470 1680 regum
494 1613 590 1679 atque
612 1602 816 1664 castissimae

71 1701 171 1761 matris
211 1712 286 1762 tuae
327 1702 479 1778 precibus
516 1701 638 1776 perduc
672 1718 726 1760 me
761 1718 816 1760 an·

70 1798 162 1872 getico
198 1799 373 1859 comitante
408 1798 571 1874 praesidio
602 1815 676 1858 curn
712 1799 815 1859 beatis

16 1885 17 1890 ’
71 1897 190 1972 regibus
220 1914 279 1972 per
309 1896 394 1956 viam
427 1906 547 1956 rectam
584 1895 616 1954 in
648 1896 814 1972 regionem

71 1995 251 2070 caelestem,
280 1994 334 2054 ubi
363 2004 394 2054 te
423 2002 580 2069 perpetua
606 1993 639 2052 in
671 1993 815 2054 claritate
827 2005 852 2048 1⁵

70 2108 186 2152 merear
206 2092 381 2169 speculari.

246 2302 518 2381 [cnrrrvtvn
543 2301 626 2377 xtra

151 2438 196 2496 De
213 2436 442 2512 purificatione
463 2437 577 2495 beatae
597 2435 724 2494 Mariae

233 2541 265 2594 et
281 2535 544 2610 praesentatione
565 2533 644 2592 Iesu.

71 2629 308 2851 &medico
331 2695 363 2745 et
377 2685 496 2761 gratias
511 2702 570 2760 ago
585 2683 654 2758 tibi,
677 2683 853 2743 Domineao

191 2786 267 2845 lesu
284 2783 429 2858 Christe,
450 2782 599 2858 puritatis
623 2790 744 2856 auctor,
759 2798 818 2856 pro

70 2890 116 2941 tua
135 2882 252 2944 humili
275 2881 537 2958 praesentatione
559 2880 592 2938 in
608 2880 730 2954 templo
746 2878 819 2954 Dei,

71 2962 132 3039 ubi'
145 2999 219 3042 curn
242 2978 360 3041 hostiis
389 2987 421 3038 et
442 2977 633 3037 muneribus
655 2986 818 3052 tamquam

72 3094 147 3138 unus
168 3095 209 3138 ex
224 3077 314 3138 Adae
340 3075 416 3135 filiis
437 3075 565 3134 oblatus
587 3092 623 3134 es
643 3092 661 3133 a
680 3073 819 3149 parenti·

72 3175 125 3235 bus
145 3187 241 3254 atque
264 3176 408 3253 quinque
431 3173 522 3232 siclis
544 3170 706 3247 argenteis
726 3170 854 3245 quasies

73 3273 236 3348 empticius
259 3271 376 3348 aliquis
398 3287 515 3330 servus
538 3269 735 3342 redemptus.

108 3369 270 3430 Benedico
298 3379 349 3444 te,
378 3368 585 3428 sanctissime
607 3365 719 3425 mundi
749 3366 820 3425 red·

75 3477 206 3542 emptor,
237 3484 295 3542 pro
324 3477 378 3526 tua
406 3465 521 3526 humili
547 3462 753 3523 oboedientia
774 3461 819 3522 di·

75 3561 160 3623 vinae
182 3565 279 3641 legis,
308 3563 363 3640 qui
392 3564 464 3623 sine
494 3561 686 3622 delictorum
712 3559 820 3620 debito

433 3667 459 3709 27
