2118 4180
252 442 991 552 diffamatam&

245 630 356 690 bulum
380 631 490 692 subire
506 631 656 708 dignatus
677 647 714 691 es
736 631 867 708 saepius
883 631 997 692 famem

245 744 282 788 ac
303 727 409 804 sitim,
438 729 557 807 frigora
580 737 612 789 et
634 729 776 805 calores,
804 729 947 789 laborem
968 737 998 790 et

245 826 490 902 lessitudinem‚
512 825 675 887 tristitiam
697 835 730 886 et
750 843 904 903 pavorem
928 843 997 886 cum
1044 879 1045 882 ,

244 924 333 984 omni
355 923 607 985 mansuetudine
630 922 737 985 cordis
759 923 937 984 tolerando.

220 1042 235 1083 s
285 1021 394 1081 Laudo
423 1030 456 1081 et
477 1020 658 1081 honorifico
683 1029 716 1080 te
742 1037 801 1097 pro
829 1020 942 1082 multis
969 1029 998 1080 et

242 1118 396 1196 gravibus
426 1117 727 1196 persecutionibus,
761 1133 819 1194 pro
850 1117 998 1194 malignis

243 1214 372 1274 insidiis
394 1223 426 1275 et
447 1214 590 1292 indignis
610 1215 823 1292 blasphemiis
844 1233 863 1275 a
884 1215 998 1275 scribis

243 1323 276 1374 et
301 1313 483 1390 pharisaeis
511 1314 568 1374 tibi
597 1313 786 1398 frequenter
814 1312 912 1374 illatis
940 1330 998 1373 nec

242 1428 308 1472 non
337 1428 396 1488 pro
425 1428 541 1488 magna
569 1411 800 1489 ingratitudine
831 1420 864 1471 et
891 1411 998 1472 invida

208 1531 233 1572 ro
242 1508 442 1571 detractione
462 1508 519 1569 tibi
540 1509 665 1570 reddita
685 1525 743 1586 pro
765 1517 829 1568 tam
852 1508 997 1569 innume·

242 1606 288 1668 ris
309 1605 480 1667 beneficiis
501 1615 534 1666 et
555 1606 677 1666 inclitis
698 1606 801 1683 signis
824 1605 857 1666 in
879 1607 996 1683 populo

241 1703 383 1781 gloriose
405 1703 555 1780 peractis.

283 1802 392 1861 Laudo
414 1810 447 1861 et
468 1803 674 1878 superexalto
696 1811 728 1862 te
753 1819 812 1879 pro
839 1800 997 1861 immensa

242 1898 374 1959 caritate
403 1908 458 1959 tua
485 1899 525 1958 ad
553 1900 699 1961 omnium
724 1899 894 1961 hominum
923 1916 997 1959 con·
1048 1931 1049 1936 κ

208 1996 429 2061 rsversionem
460 2005 493 2056 et
524 1997 683 2073 salutem,
717 2013 775 2074 pro
811 1995 936 2056 crebris
966 2004 997 2056 et

241 2094 348 2171 longis
376 2093 677 2171 pernoctationibus
704 2094 738 2154 in
769 2093 916 2155 oratione
945 2093 997 2153 de·
1049 2080 1050 2156 i

241 2189 358 2267 ductis,
379 2207 437 2267 pro
452 2191 628 2268 gemitibus
642 2200 675 2252 et
689 2191 833 2252 lacrimis
852 2207 893 2250 ex
912 2207 997 2250 com·

240 2287 394 2365 passione
413 2287 540 2365 effusis,
561 2306 620 2366 pro
636 2289 753 2366 gaudio
775 2298 808 2349 et
829 2297 997 2365 congratu-

240 2384 360 2445 latione
391 2384 537 2445 omnium
568 2384 696 2462 piorum
727 2385 767 2447 ad
796 2385 893 2445 fidem
922 2402 997 2445 con·

203 2508 231 2550 ω
240 2498 422 2558 versorum,
436 2499 494 2559 pro
505 2482 676 2559 magnifica
685 2481 859 2560 gratiarum
870 2481 996 2556 actione

241 2588 272 2640 et
292 2579 420 2641 interna
436 2580 556 2640 mentis
572 2580 765 2657 elevatione,
786 2581 827 2640 de
841 2588 888 2640 tot
903 2579 997 2641 mira·

240 2677 360 2739 bilibus
375 2678 529 2755 operibus
544 2677 610 2738 tuis
625 2677 658 2738 in
673 2677 802 2739 laudern
817 2685 850 2736 et
861 2677 995 2755 gloriam

239 2777 340 2853 patris
357 2776 404 2838 tui
425 2775 577 2836 caelestis
597 2775 693 2852 digne
712 2775 958 2836 consummatis.

280 2874 310 2936 O
326 2891 454 2935 summe
469 2875 655 2935 venerande
671 2874 757 2951 Iesu,
778 2872 995 2933 clarissimum

202 2971 370 3032 zsvivendi
400 2971 588 3048 speculum,
617 2971 724 3031 tribue
752 2969 833 3030 mihi
861 2969 995 3047 pauperi

239 3085 335 3128 servo
364 3077 420 3128 tuo
446 3069 540 3128 valde
561 3069 646 3128 male
674 3069 779 3129 adhuc
801 3067 995 3144 morigerato

238 3164 492 3226 honestissimos
510 3183 547 3226 ac
567 3165 782 3226 suavissimos
797 3181 908 3225 mores
921 3173 995 3226 tuos

238 3262 291 3340 pia
321 3262 583 3324 consideratione
614 3263 777 3340 inspicere
813 3273 845 3324 et
880 3280 995 3325 omnes

238 3369 330 3421 actus
344 3378 437 3421 meos
451 3370 629 3439 gestusque
651 3363 832 3422 secundum
847 3379 994 3423 normam

201 3458 324 3521 aovitae
344 3468 419 3520 tuae
440 3459 591 3537 formare,
612 3470 647 3522 ut
667 3460 789 3521 discam
809 3458 899 3520 mitis
920 3476 993 3520 esse

239 3565 271 3616 et
285 3556 419 3617 humilis
434 3558 543 3634 corde,
564 3566 599 3618 ut
619 3557 681 3618 sim
696 3558 826 3619 sobrius
848 3558 881 3618 in
896 3557 994 3631 victu,

601 3664 628 3704 44
