2194 4180
250 421 994 532 Qfflbmafflffi
1086 481 1087 486 κ

243 611 395 670 vanitatis
430 610 523 670 hausi
559 627 618 687 per
653 609 801 670 illicitum
842 609 1000 669 auditum.
1086 617 1087 680 ξ

243 705 315 767 Ave
338 707 452 767 Maria.

523 787 574 847 Ad
594 787 714 848 oculos.

285 902 314 964 Ο
331 901 584 978 praeclarissimi
600 901 686 962 oculi
699 901 831 961 Domini
843 901 906 961 mei
924 901 1001 961 lesu

221 999 370 1061 sChristi
400 1001 438 1060 ab
467 1000 556 1060 omni
579 999 845 1076 concupiscentia
873 999 945 1075 puri
969 1007 1002 1059 et

245 1096 278 1156 in
294 1097 410 1158 mortis
425 1097 581 1158 violentia
596 1097 770 1173 obscurati,
792 1097 878 1157 unde
895 1096 1002 1157 dulcis

244 1213 343 1272 saepe
365 1196 570 1257 lacrimarum
593 1195 746 1272 profluxit
766 1195 879 1270 imber,
901 1195 1002 1254 adoro

244 1311 304 1353 vos
326 1293 512 1354 cordialiter
533 1304 565 1354 et
587 1294 719 1354 osculor
740 1293 885 1354 suaviter
906 1293 1002 1352 obse-

245 1407 340 1449 crans
362 1389 442 1449 mihi
458 1389 692 1468 indulgentiam
709 1390 816 1468 largiri
837 1407 894 1466 pro
911 1389 1002 1449 omni

211 1507 235 1548 10
245 1489 372 1549 macula
402 1507 441 1549 ex
470 1489 543 1549 visu
573 1489 690 1549 nocivo
722 1487 877 1566 quaesita.
929 1486 1003 1546 Ave

247 1586 361 1645 illaria.

534 1667 585 1728 Ad
606 1672 714 1744 caput.

286 1782 315 1843 O
338 1782 478 1842 sublime
508 1791 540 1842 et
568 1781 785 1843 reverendum
816 1789 912 1857 caput
934 1779 1002 1839 Do·

245 1879 326 1939 mini
355 1880 420 1940 mei
443 1880 519 1941 lesu
543 1880 669 1942 Christi
699 1880 824 1939 habens
852 1876 1004 1937 acutissi-

212 1975 1004 2054 15mamcoronamdespinisverticiimpressam,
1086 2023 1087 2048 p

246 2076 340 2136 cuius
369 2076 677 2152 circumpendentes
705 2073 812 2150 capilli
842 2072 1003 2149 sanguine

245 2172 410 2234 delluente
432 2173 559 2233 intincti
582 2182 657 2233 sunt
686 2182 718 2232 et
740 2170 873 2246 sacrati,
901 2170 1004 2230 adoro

245 2280 277 2331 te
300 2288 373 2331 cum
396 2271 521 2348 angelis
544 2281 575 2331 et
597 2270 812 2348 potestatibus
835 2268 1004 2329 universis

246 2379 278 2429 et
313 2387 413 2446 super
448 2369 558 2429 omnia
593 2385 685 2429 sacra
719 2370 892 2428 vulnerum
929 2366 1004 2425 loca
1086 2443 1087 2452 ἵ

209 2467 378 2528 mosculor
399 2476 430 2526 te
453 2467 561 2527 carius
583 2483 619 2526 ac
642 2466 801 2542 deprecor
815 2464 1004 2539 instantius,

246 2573 281 2624 ut
303 2565 341 2624 ab
371 2563 460 2624 omni
491 2573 699 2641 peccatorum
729 2561 921 2640 spinositate
948 2578 1003 2620 me

246 2661 396 2721 absolvas
419 2671 450 2721 et
472 2661 505 2721 in
521 2677 658 2721 numero
675 2661 853 2720 electorum
869 2667 1003 2718 tuorum

246 2759 331 2819 inter
352 2759 486 2819 minima
508 2759 622 2819 saltem
645 2759 791 2818 membra
813 2766 1004 2833 computare

246 2856 400 2933 digneris,
443 2855 559 2916 Amen.
602 2854 673 2916 Ave
696 2856 811 2916 Maria.
