2152 4174
79 427 828 535 Qffliaafflffi

73 614 287 691 suscipiendo
309 623 406 691 atquc
428 615 461 674 in
484 631 597 674 eorum
626 631 679 674 me
701 631 833 692 compu-

70 723 123 772 tes
146 713 344 772 iamulorum
366 729 515 789 numero,
543 712 598 788 qui
620 720 676 771 tuo
698 711 832 788 speciali

71 827 186 871 amore
208 811 370 871 habentur
391 810 596 887 impignorati
619 819 651 869 et
682 809 831 886 amplexi.

114 908 144 970 Ο
168 909 267 968 unica
288 924 365 984 spes
387 924 470 983 mea,
490 906 633 984 gloriosa
653 907 744 983 virgo
763 907 833 966 Nia-

71 1006 137 1082 ria,
169 1005 247 1090 veni
270 1005 305 1065 et'
324 1006 460 1066 ostende
491 1005 571 1065 mihi
595 1005 711 1066 faciem
733 1014 855 1081 tuam,⁵

70 1104 267 1180 priusquam
290 1103 398 1164 anima
418 1120 493 1164 mea
516 1103 702 1180 egrediatur
724 1120 741 1161 a
763 1120 832 1163 cor·

70 1217 164 1277 pore,
182 1210 216 1259 et
231 1199 306 1259 illos
321 1200 552 1260 misericordes
568 1201 682 1260 oculos
696 1208 771 1259 tuos
793 1200 831 1259 ad

70 1315 126 1358 me
149 1298 332 1357 clementer
352 1297 560 1374 iucundeque
576 1306 740 1372 converte,
762 1296 832 1373 qui-

69 1398 135 1456 bus
158 1397 287 1471 Iesum,
313 1394 520 1454 benedictum
544 1393 684 1453 fructum
707 1393 832 1453 ventris

69 1494 130 1570 tui,
153 1492 334 1553 laetissime
357 1491 488 1567 saepius
507 1491 673 1567 aspexisti,
695 1501 727 1550 et
748 1509 831 1568 quos
843 1505 868 1548 ro

69 1592 105 1652 in
128 1590 286 1668 passione
308 1589 381 1649 eius
402 1588 514 1649 multis
546 1587 677 1648 lletibus
698 1588 831 1648 humec-

69 1689 159 1750 tasti.
192 1687 273 1748 Asta
293 1696 371 1747 tunc
393 1685 484 1762 mihi,
506 1685 714 1746 sanctissima
728 1695 831 1746 mater

72 1788 162 1861 lesu,
184 1802 259 1845 cum
282 1785 369 1844 dulci
398 1783 551 1844 comitiva
578 1783 741 1859 virginum
763 1792 831 1842 tua-

70 1901 146 1944 rum
164 1890 196 1942 et
211 1898 304 1942 sacro
320 1880 457 1958 collegio
473 1889 659 1941 sanctorum
675 1880 832 1957 omnium,

70 1983 161 2042 sicut
183 1978 381 2057 praedilecto
404 1978 470 2038 lilio
492 1987 548 2038 tuo
571 1978 604 2038 in
623 1996 720 2039 cruce
735 1979 868 2039 mori-1⁵

6 2129 7 2132 ,
69 2090 147 2139 turo
171 2077 311 2138 fideliter
332 2093 369 2136 ac
390 2084 641 2152 perseveranter
670 2077 831 2153 usquein

6 2227 7 2230 ,
70 2178 174 2237 linem
204 2174 351 2250 astitisti,
380 2174 457 2251 quia
478 2183 551 2250 post
572 2174 705 2234 unicum
729 2174 830 2235 lilium

6 2315 7 2320 κ
69 2287 179 2349 tuum,
202 2273 380 2334 Dominum
396 2288 506 2331 meum
524 2271 633 2332 lesum
650 2271 831 2347 Christum,

69 2391 141 2434 non
164 2371 297 2433 invenio
328 2381 393 2430 tam
424 2387 577 2446 magnum
609 2378 641 2429 et
671 2370 767 2430 velox
798 2369 831 2429 in

69 2469 273 2532 necessitate
288 2469 445 2544 solamen,
468 2467 553 2528 sicut
574 2476 617 2544 te,
638 2466 869 2544 benignissi-au

69 2585 162 2630 mam
185 2567 330 2628 omnium
354 2567 573 2627 desolatorum
595 2573 741 2625 matrem.

233 2766 504 2844 [cnmrvnvn
528 2766 673 2842 xxvnn

71 2907 122 2966 De
144 2902 292 2964 solitaria
321 2900 525 2961 derelictione
548 2899 679 2960 Domini
699 2901 769 2960 Iesu
798 2900 831 2960 in

404 3014 503 3058 cruce.

72 3095 324 3316 &medico
347 3160 379 3210 et
393 3149 512 3227 gratias
527 3166 585 3226 ago
601 3149 669 3225 tibi,
692 3149 869 3210 Dominczs

210 3251 284 3310 lesu
307 3248 452 3324 Christe,
473 3257 627 3324 paternae
649 3248 833 3308 dilectionis

21 3417 23 3420 ,
75 3349 122 3409 fili
146 3346 379 3422 amantissime,
407 3362 466 3422 pro
488 3353 543 3405 tua
562 3344 676 3422 grandi
705 3355 736 3405 et
758 3345 834 3405 soli·

75 3446 158 3506 taria
180 3444 392 3505 derelictione
407 3444 441 3503 in
456 3460 564 3519 cruce,
585 3444 713 3520 quando
729 3462 747 3504 a
763 3445 833 3506 Deo

78 3546 175 3605 Patre
197 3551 230 3602 et
251 3543 290 3602 ab
312 3542 400 3603 omni
423 3541 569 3602 exercitu
592 3542 766 3619 caelorum,
795 3543 833 3607 ab

440 3647 479 3689 ros
