2152 4174
251 400 996 512 Qffffibmaffiffi

243 591 409 653 universis
444 606 575 666 quoque
610 587 768 648 creaturis
810 588 924 648 mundi
969 589 1001 648 in

244 707 371 750 amarae
393 686 600 749 necessitatis
618 685 753 746 articulo
769 686 858 746 velut
873 685 1003 746 alienus

244 796 276 846 et
297 785 428 863 ignotus
451 784 540 845 luisti
562 783 756 858 derelictus,
785 800 821 842 ac
851 782 878 844 si
901 800 1002 844 verus

245 884 306 946 Dei
328 883 415 944 lilius
429 900 495 943 non
512 882 634 944 fuisses
655 899 763 959 neque
785 880 925 941 alicuius
948 899 1003 957 po·

220 983 364 1044 stantiae
400 990 454 1042 aut
489 979 638 1055 virtutis,
677 980 747 1039 sola
781 978 1003 1039 maestissima

244 1091 346 1142 matre
368 1097 442 1141 cum
459 1077 685 1139 commendato
708 1075 770 1137 sibi
786 1075 948 1152 discipulo
971 1085 1002 1136 et
1063 1139 1064 1146 χ

243 1177 357 1255 paucis
379 1176 548 1254 fragilibus
566 1175 698 1236 feminis
719 1174 776 1235 tibi
793 1174 1002 1249 adhaerente,

243 1294 327 1353 quae
342 1276 396 1337 vix
411 1275 544 1337 unicum
560 1275 696 1334 verbum
712 1273 752 1333 ad
773 1282 805 1333 te
820 1273 910 1349 loqui
933 1282 1003 1349 pot·

244 1383 313 1435 erat
333 1390 410 1450 prae
432 1373 594 1433 anxietate
615 1370 736 1432 mentis
757 1382 790 1431 et
812 1372 934 1432 dolore.

210 1489 234 1531 io
286 1471 394 1532 Laudo
425 1479 457 1530 et
487 1469 633 1547 glorifico
664 1478 696 1529 te
727 1486 786 1545 pro
815 1467 922 1528 valido
946 1467 1002 1528 illo

243 1570 396 1643 clamore,
418 1567 546 1643 quando
569 1583 677 1627 coram
707 1565 819 1626 multis
841 1564 1002 1626 audienti-

243 1668 304 1726 bus
326 1666 359 1726 in
382 1667 466 1725 hanc
488 1663 720 1724 lacrimabilem
742 1679 857 1723 vocem
887 1680 1003 1739 proru-

243 1763 319 1840 pisti
335 1763 465 1823 dicens:
489 1761 549 1836 Eli,
572 1761 631 1836 Eli,
653 1762 772 1821 lamma
786 1759 1003 1821 sabacthani?

245 1862 281 1921 ln
303 1878 367 1938 quo
390 1860 521 1937 quidem
544 1860 644 1919 verbo
666 1857 922 1935 magnitudinem
947 1857 1004 1917 do·

209 1959 348 2021 talorum
371 1968 403 2018 et
432 1956 686 2018 subtractionem
715 1955 824 2015 omnis
853 1955 1004 2016 consola-

242 2055 342 2116 tionis
363 2055 443 2116 satis
465 2053 646 2129 declarasti,
668 2062 700 2113 et
722 2061 841 2130 quanta
862 2067 921 2127 pro
944 2053 1004 2112 ho-

243 2153 367 2213 minum
389 2153 492 2213 salute
510 2151 695 2231 patiebaris,
716 2150 868 2227 aquibus
890 2159 1002 2211 tamen

243 2267 301 2327 pro
323 2250 426 2311 nihilo
457 2249 546 2310 luisti
575 2249 782 2324 aestimatus,
811 2248 911 2308 immo
941 2266 1003 2325 pro

243 2348 388 2424 pessimo
410 2347 619 2409 malefactore
637 2346 767 2408 habitus
789 2363 826 2405 ac
849 2345 919 2422 ipsa
935 2347 1004 2407 vita
1063 2383 1064 2410 l

206 2445 431 2512 coomnimode
454 2444 516 2504 iam
539 2444 703 2521 indignus.

284 2542 468 2604 Considera
490 2541 758 2619 diligentissime,
787 2540 895 2600 anima
916 2558 1003 2616 mea,

243 2656 400 2716 praesens
423 2639 498 2699 lesu
520 2640 656 2699 verbum
679 2656 737 2715 pro
759 2647 814 2699 tua
842 2637 1002 2714 singulari
1063 2671 1064 2720 3

243 2737 458 2797 instructione
470 2739 640 2813 prolatum.
671 2736 754 2796 Ecce
765 2736 884 2796 mirum
901 2736 1003 2813 dictu,
1063 2727 1064 2800 Ξ

243 2835 330 2911 quod
352 2835 515 2895 Dominus
536 2834 777 2908 universorum,
799 2833 854 2909 qui
875 2833 1003 2894 nullius
1063 2843 1064 2918 ζ

206 2933 339 3001 aehabet
368 2931 597 3009 indigentiam,
628 2931 667 2991 ad
695 2933 779 2991 hanc
808 2930 1003 2990 calamitatis

243 3029 375 3090 devenit
406 3029 589 3104 miseriam,
625 3038 659 3090 ut
690 3027 835 3105 paternis
866 3027 1003 3088 auribus

243 3145 335 3188 suam
358 3126 480 3187 indicet
501 3127 749 3202 necessitatem,
777 3125 863 3202 quod
886 3140 923 3184 sc
946 3125 1002 3184 de·

244 3235 366 3285 sertum
390 3243 408 3285 a
431 3226 525 3285 Patre
548 3224 775 3301 conqueritur,
804 3223 860 3301 qui
889 3223 1003 3283 omnia

243 3340 317 3384 cum
342 3324 436 3384 Patre
459 3332 627 3399 operatur,
656 3323 743 3399 quod
764 3338 801 3382 se
828 3330 1001 3382 oneratum

206 3447 234 3490 ³0
244 3421 454 3497 demonstrat,
475 3420 530 3497 qui
550 3430 666 3481 cuncta
681 3420 752 3480 sine
768 3436 868 3481 onere
883 3428 1003 3494 portat,

243 3517 329 3592 quod
352 3534 388 3577 se
410 3519 539 3578 exulem
556 3518 682 3610 ¹fatetur
711 3527 743 3577 et
765 3516 914 3592 inopem,
944 3517 1001 3594 qui

604 3622 643 3664 roo
