2118 4180
278 581 328 644 Ad
350 582 450 643 huius
471 582 670 644 sanctissimi
692 584 886 644 sacramenti
909 601 1000 646 com·
1050 583 1051 592 ’

237 681 427 742 munionem
467 681 564 757 digne
598 680 841 758 percipiendam
878 682 1000 759 tribue,

237 779 433 840 suavissime
456 779 541 854 Iesu,
567 795 625 839 cor
644 779 819 840 contritum
841 796 900 857 pro
922 797 1000 857 pec·
1050 783 1051 832 ἓ

237 877 328 954 catis,
348 876 581 938 conscientiam
596 894 710 953 puram
726 877 760 937 in
775 875 1000 952 confessione,

213 984 381 1035 ementem
403 975 562 1035 elevatam
584 973 618 1034 in
639 973 796 1049 oratione,
818 973 915 1034 fidem
934 975 999 1035 ior·

236 1081 317 1149 tem,
338 1088 430 1148 spem
453 1088 619 1149 magnam,
640 1070 793 1132 affectum
815 1071 998 1148 ardentem,

236 1169 443 1230 devotionem
486 1169 728 1245 lacrimantem,
775 1170 996 1231 reverentiam

236 1285 310 1327 cum
341 1284 471 1343 amore,
509 1266 663 1328 laetitiam
697 1265 886 1327 iubilantem
920 1285 996 1329 cum
1050 1275 1051 1350 l

235 1373 377 1425 tremore
396 1374 429 1425 et
445 1364 559 1424 intima
572 1363 746 1441 gratiarum
761 1363 901 1441 actione,
923 1381 998 1442 pro·
1050 1365 1051 1426 l

201 1463 369 1524 rofundam
408 1462 653 1523 inclinationem
693 1478 733 1522 ex
768 1477 846 1521 vera
885 1462 996 1523 cordis

235 1551 460 1618 humiliatione
475 1561 706 1636 procedentem
721 1559 761 1619 ad
782 1558 913 1619 divinae
929 1578 996 1620 ma·

137 1718 138 1724 1
235 1655 360 1716 iestatis
381 1665 455 1717 tuae
475 1657 703 1718 celsitudinem
719 1657 996 1733 complacandam.
1050 1687 1051 1698 2

390 1803 661 1881 [CAPITVLVM
687 1805 835 1882 xxl111.1

287 1921 334 1981 De
355 1920 477 1981 lotione
493 1921 613 1997 pedum
635 1926 667 1981 et
685 1938 777 1981 sacro
798 1938 946 1983 sermone

495 2019 529 2079 in
551 2036 630 2080 ceno
651 2020 732 2080 lesu.

235 2094 480 2315 &medico
503 2161 535 2212 et
549 2153 668 2230 gratias
683 2169 741 2230 ago
756 2152 825 2229 tibi,
848 2154 993 2215 Domine

377 2249 452 2310 lesu
477 2249 628 2326 Christe,
652 2249 771 2312 'sancte
802 2260 992 2313 sanctorum

232 2342 407 2418 altissime,
437 2360 495 2420 pro
517 2343 573 2403 illo
595 2344 776 2420 profundae
797 2348 993 2411 humilitatis

231 2448 306 2499 tuae
322 2449 354 2499 et
368 2440 498 2500 servilis
513 2441 662 2518 obsequii
678 2445 827 2521 exemplo
838 2445 994 2522 maximo,

195 2536 319 2613 eoquod
338 2537 432 2596 nobis
452 2537 491 2596 ad
505 2535 696 2598 imitandum
713 2540 946 2603 demonstrasti
962 2552 994 2603 et

231 2633 993 2715 reliquisti‚dumtu,sanctissimeDeus‚humi·

231 2730 310 2791 lium
326 2747 497 2791 servorum
512 2741 658 2808 tuorum,¹
668 2751 847 2811 pauperum
863 2738 993 2800 scilicet

230 2828 439 2904 piscatorum,
460 2829 561 2905 pedes
583 2830 733 2908 dignatus
754 2850 792 2893 es
810 2834 876 2894 tuis
891 2836 992 2898 bene·
1050 2859 1051 2901 l

230 2925 325 2986 dictis
340 2927 490 2987 manibus
505 2943 542 2986 ac
555 2926 652 2987 llexis
665 2929 803 3005 genibus
819 2933 993 2994 studiosis·
1050 2991 1051 2998 ,

193 3024 312 3084 assime
339 3025 488 3101 abluere,
516 3034 685 3102 extergere
714 3045 750 3088 ac
779 3028 991 3107 deosculare3

228 3121 287 3180 sed
316 3129 349 3181 et
374 3121 584 3198 perfidissimi
606 3125 770 3186 traditoris
791 3126 838 3187 tui
861 3128 990 3203 plantas

228 3217 391 3279 consimili
403 3219 535 3279 caritate
551 3219 658 3281 lavare
669 3238 734 3282 non
746 3223 897 3302 omisisti,
912 3227 991 3288 licet
1050 3237 1051 3256 ¹

227 3312 299 3389 ipse
320 3315 419 3376 tantis
437 3316 607 3378 beneficiis
624 3318 769 3396 ingratus
791 3321 824 3381 in
843 3340 903 3383 sua
918 3343 991 3401 per·
1050 3319 1051 3370 ἕ

227 3423 374 3474 maneret
404 3415 561 3491 pravitate
591 3417 790 3493 obstinatus,
825 3427 914 3480 totus
951 3422 989 3482 ab
1050 3435 1051 3472 1

191 3508 311 3571 aointra
332 3511 485 3572 sordidus
506 3522 539 3573 et
559 3513 679 3574 illotus.

593 3618 620 3660 so
