2194 4180
263 393 1004 508 Wrrrrffl'

252 586 437 646 dominatur
458 585 491 646 in
512 595 580 646 tota
599 595 687 646 terra
708 585 859 663 Aegypti,
886 603 1013 663 quanto

253 683 356 760 magis
389 683 547 760 gaudebis
577 683 618 743 de
649 683 785 745 Christo
815 695 1013 760 resurgente

253 781 294 841 de
315 781 509 857 sepulchro,
539 797 716 857 numquam
739 782 780 841 de
809 793 921 841 cetero
942 798 1015 840 mo-

254 878 373 954 rituro,
401 879 459 938 sed
481 895 582 954 super
602 895 718 938 omnes
746 879 780 939 in
802 879 894 938 caelo
922 889 957 938 et
979 879 1014 937 in

232 985 341 1036 eterra
361 975 434 1036 sine
456 975 522 1036 line
543 977 747 1052 regnaturo?

295 1072 325 1134 O
360 1089 421 1134 vos
451 1089 567 1134 omnes
601 1073 705 1134 sancti
741 1074 945 1149 patriarchae
981 1085 1016 1132 et

255 1173 450 1248 prophetae,
481 1187 500 1230 o
523 1187 618 1246 reges
646 1179 679 1230 et
700 1170 802 1230 duces
831 1169 963 1246 populi,
994 1187 1016 1228 o

255 1285 355 1330 senes
389 1279 422 1330 et
456 1268 615 1343 iuvenes,
649 1268 795 1344 virgines
830 1277 863 1328 et
893 1267 1016 1327 viduae

257 1367 381 1442 fideles,
402 1383 422 1426 o
443 1367 632 1428 sacerdotes
653 1375 686 1425 et
707 1365 836 1440 levitae,
859 1365 1017 1425 doctores

222 1475 246 1516 ¹⁰
257 1473 288 1525 et
307 1463 445 1538 scribae,
466 1480 485 1524 ο
500 1463 636 1539 spiritus
651 1473 683 1524 et
697 1463 825 1524 animae
840 1463 1017 1534 iustorum,

257 1561 360 1622 sancti
382 1571 416 1621 et
430 1560 572 1621 humiles
588 1561 696 1636 corde,
716 1561 855 1637 gaudete
871 1570 905 1621 et
923 1561 1017 1621 exul-

257 1667 322 1719 tate
344 1658 441 1720 hodie
459 1657 491 1718 in
511 1657 653 1718 Domino
669 1658 744 1718 lesu
760 1658 907 1732 Christo,
928 1660 1017 1718 salu-

257 1755 317 1816 tari
328 1765 450 1816 nostro.
484 1756 625 1817 Laudate
639 1765 672 1816 et
682 1755 922 1830 superexaltate
936 1772 1015 1815 eum

259 1854 292 1914 in
319 1855 466 1928 saecula,
497 1853 573 1930 quia
594 1853 665 1930 ipse
687 1853 777 1913 venit
798 1853 933 1913 visitare
953 1871 1017 1913 vos

225 1965 250 2006 rs
260 1960 291 2011 et
306 1951 481 2012 laetificare
496 1967 622 2026 omnes,
644 1951 699 2027 qui
715 1951 928 2027 expectabant
943 1951 1017 2010 red-

260 2049 458 2125 emptionem
482 2049 587 2126 plebis
608 2066 688 2109 suae
711 2048 821 2109 lsrael.

301 2146 449 2208 Obsecro
484 2157 516 2207 te
554 2163 658 2222 nunc,
693 2146 841 2222 piissime
874 2145 1016 2206 Domine

261 2245 335 2305 lesu
351 2244 496 2320 Christe,
518 2261 597 2306 vera
617 2244 707 2304 salus
726 2244 853 2304 animae
875 2259 968 2303 meae
984 2251 1016 2303 et

259 2351 326 2402 tota
348 2341 466 2402 liducia
493 2359 583 2418 mea,
615 2342 647 2402 in
678 2343 738 2402 hac
768 2340 872 2418 fragili
901 2340 968 2400 vita
997 2358 1016 2398 a

223 2439 429 2500 miuventute
461 2457 534 2500 mea
564 2450 596 2501 et
627 2457 732 2517 usque
761 2439 794 2499 in
825 2437 954 2498 senium
984 2447 1016 2496 et

261 2545 466 2614 praesentem
489 2536 575 2597 diem
598 2546 630 2597 et
653 2538 781 2612 horam,
809 2552 850 2595 ne
877 2534 1017 2594 derelin-

260 2651 342 2711 quas
372 2651 425 2694 me
457 2650 634 2710 pauperem
667 2643 699 2694 et
734 2633 898 2694 infirmum
932 2633 1017 2693 inter

261 2729 487 2792 tribulationes
502 2746 539 2790 ac
555 2730 786 2807 temptationes
796 2731 896 2791 variis
911 2730 1017 2790 modis

261 2845 314 2888 me
346 2828 584 2906 impugnantes.
607 2901 609 2908 Α
634 2827 794 2889 Conlorta
824 2843 895 2903 me,
926 2827 1017 2887 Deus

225 2935 376 3000 2⁵meus,
418 2925 451 2986 in
487 2925 576 2985 omni
613 2941 769 3001 pressura
803 2924 911 2985 cordis
952 2923 1016 2983 mei

263 3031 395 3098 propter
416 3022 568 3082 meritum
592 3021 833 3082 sacratissimae
855 3021 1019 3097 passionis

263 3129 337 3179 tuae
360 3127 392 3180 et
414 3120 630 3180 vehementes
645 3119 776 3180 dolores
791 3129 823 3180 et
838 3119 1018 3179 uberrimas

265 3218 414 3280 lacrimas
436 3217 645 3279 beatissimae
660 3219 773 3279 matris
795 3227 869 3277 tuae
885 3217 1020 3292 Mariae,

265 3333 346 3392 quas
368 3333 408 3376 ex
430 3315 659 3393 compassione
688 3325 720 3376 et
751 3323 884 3392 aspectu
907 3315 1019 3375 vulne-

228 3429 336 3475 sorum
353 3423 484 3475 tuorum
501 3415 590 3475 iuxta
605 3431 735 3474 crucem
752 3414 867 3474 stando
890 3423 922 3473 et
937 3430 1020 3472 ama-

267 3511 396 3572 rissime
420 3511 526 3572 hendo
549 3511 673 3573 effudit.
718 3512 869 3572 Laetihca
891 3529 1019 3587 quoque

624 3617 664 3658 224
