2152 4174
244 409 990 518 Quaem&

279 596 364 674 Quis
388 596 531 657 fidelium
554 598 635 658 haec
664 597 801 658 audiens
829 617 895 660 non
918 617 996 660 con-

237 694 385 754 dolebit?
427 694 513 772 Quis
534 703 599 755 tam
621 695 733 771 durus,
755 704 790 755 ut
817 712 884 756 non
908 714 995 757 com-

236 800 397 868 pungatur
407 792 446 852 ad
456 809 572 853 vocem
583 792 736 852 clamoris
746 792 872 853 huius?
893 793 995 856 Certe

236 887 298 964 ipsi
321 897 467 948 ceterum
483 889 689 950 insensibilia
703 891 866 950 elementa
886 901 994 952 osten-

213 985 353 1050 sderunt
369 986 607 1062 compassionis
622 1003 702 1046 suae
712 988 882 1048 tremenda
892 987 993 1065 signa.

235 1082 265 1143 Α
287 1091 379 1143 sexta
400 1100 542 1160 namque
571 1086 651 1145 hora
679 1101 784 1161 usque
813 1085 852 1145 ad
879 1087 992 1147 horam

235 1196 354 1240 nonam
378 1181 427 1240 sol
450 1181 558 1241 radios
576 1181 627 1241 sui
650 1181 784 1242 luminis
798 1183 934 1244 retraxit
955 1186 993 1244 ab

236 1279 314 1338 orbe
344 1279 462 1338 nolens
494 1279 604 1339 lucere
636 1278 787 1355 indignis.
838 1280 876 1340 Et
908 1290 994 1343 terra

236 1384 397 1436 commota
419 1385 468 1436 est
498 1376 757 1436 contremiscens
788 1378 826 1437 ad
855 1378 993 1439 iniurias

201 1500 225 1542 10
236 1473 286 1534 sui
310 1473 466 1534 creatoris
488 1475 603 1535 dolens
625 1484 791 1536 auctorem
808 1475 895 1535 vitae
918 1493 993 1553 sup-

235 1571 333 1647 plicia
353 1571 418 1647 pati
441 1579 474 1630 et
496 1572 640 1631 clamans
661 1582 799 1633 mortem
832 1573 904 1633 eius
927 1591 991 1634 non

235 1685 333 1746 posse
356 1687 392 1730 se
414 1669 536 1730 videre.
580 1669 680 1746 Igitur
708 1672 777 1731 sole
807 1671 939 1747 lugente
961 1681 993 1731 et

234 1777 321 1827 terra
342 1766 617 1827 contremiscente
643 1776 675 1826 et
696 1777 748 1843 tu,
776 1770 875 1829 homo
898 1770 993 1830 ratio-

236 1865 330 1940 nalis,
352 1866 475 1925 luctum
498 1881 640 1940 assume,
662 1866 792 1926 attende
814 1867 992 1928 clamorem

200 1987 224 2028 ιε
237 1963 322 2038 lesu,
344 1979 402 2022 cur
424 1962 541 2021 clamet
561 1969 593 2020 et
614 1961 691 2037 quid
714 1961 807 2024 dicat.
851 1964 935 2025 Ecce
958 1965 991 2025 in

234 2060 321 2120 omni
345 2058 553 2120 tribulatione
574 2068 606 2118 et
628 2060 776 2136 angustia
798 2077 857 2120 sua
880 2062 992 2121 Domi-

234 2175 297 2217 nus
330 2157 424 2217 Iesus
454 2156 633 2232 permansit
664 2157 753 2218 mitis
790 2168 822 2218 et
852 2158 992 2234 patiens

234 2272 295 2315 nec
318 2255 439 2332 aliquid
461 2271 501 2314 ex
526 2271 582 2315 ore
604 2255 677 2315 eius
704 2256 769 2315 nisi
798 2255 936 2316 dulcedo
959 2265 992 2315 et

233 2352 337 2429 pietas
359 2351 531 2412 emanavit.
568 2351 618 2412 Ad
642 2353 771 2413 Patrem
789 2371 921 2414 sursum
945 2355 991 2415 di·

196 2449 307 2527 aorigit
329 2467 479 2526 precem;
507 2460 637 2526 praeter
660 2452 766 2511 Deum
788 2450 912 2511 nullius
934 2469 991 2511 no·

233 2547 334 2606 minat
355 2563 476 2607 nomen
499 2547 619 2607 eteius
635 2548 840 2609 solummodo
855 2549 991 2609 notitiae

234 2662 325 2705 suam
348 2644 492 2705 insinuat
507 2645 752 2706 desolationem.
796 2646 869 2706 Non
893 2663 991 2723 quae-

233 2741 274 2802 rit
305 2742 417 2802 matris
448 2744 594 2803 solamen
626 2760 688 2804 nec
724 2744 903 2804 amicorum
937 2763 991 2806 ex·

233 2838 338 2914 poscit
360 2839 522 2900 iuvamen.

197 2956 223 2997 25
275 2936 408 2997 Instruit
440 2954 516 3014 ergo
545 2946 577 2997 te
607 2938 717 3013 lesuS,
746 2939 886 3016 qualiter
914 2958 991 3001 eum

233 3033 371 3094 imiteris
393 3034 426 3093 in
450 3034 651 3096 desolatione
677 3036 813 3112 positus.
856 3037 889 3098 Si
921 3056 992 3098 cor-

232 3147 311 3206 pore
333 3130 520 3207 infirmaris,
542 3132 569 3192 si
592 3142 702 3193 mente
721 3134 823 3195 fueris
837 3146 992 3212 gravatus

233 3238 265 3289 et
287 3229 393 3290 taedio
416 3229 570 3305 affectuS‚
602 3231 629 3290 si
652 3232 691 3291 ab
713 3232 786 3292 aliis
808 3232 992 3307 despiceris

233 3336 264 3387 et
286 3326 420 3404 gratiam
442 3327 612 3388 hominum
640 3338 772 3404 propter
799 3331 991 3406 pauperiem

195 3447 223 3488 so
235 3433 289 3484 aut
300 3424 440 3501 aliquam
453 3424 703 3501 ineptitudinem
714 3425 907 3502 perdideris,
922 3427 990 3487 noli

234 3521 418 3581 contristari
441 3538 549 3598 neque
571 3522 748 3599 indignari,
778 3523 912 3583 sedhic
936 3525 992 3585 ha-

591 3626 629 3668 ros
