2118 4180
261 420 574 530 Qihiii‘dr
593 475 673 528 aas.
697 422 1001 531 affinia&

255 625 353 683 nere,
375 625 458 685 quos
481 616 556 667 tuae
578 609 755 670 nativitatis
779 611 881 671 laetos
905 609 1005 671 fecisti

256 722 330 766 esse
352 722 541 781 praecones.

451 914 721 992 [carnutum
745 917 812 993 vl]

362 1048 408 1107 De
430 1048 639 1108 incommodis
660 1054 692 1107 ei
713 1047 897 1124 indigentiis

218 1160 232 1200 5
503 1146 657 1221 pauperis
678 1146 757 1205 lesu.

254 1239 501 1460 &medico
523 1306 555 1356 et
571 1297 690 1373 gratias
705 1313 763 1374 ago
778 1297 847 1373 tibi,
870 1299 1005 1359 Domine

385 1395 459 1455 lesu
472 1393 616 1469 Christe,
627 1411 685 1471 pro
696 1395 872 1456 multorum
888 1396 1005 1456 incom-

254 1491 424 1551 modorum
448 1491 532 1551 inter
554 1491 624 1567 ipsa
643 1492 820 1568 primordia
833 1493 1006 1554 nativitatis

254 1598 328 1649 tuae
363 1589 503 1666 benigna
532 1589 746 1666 perpessione
779 1599 810 1649 et
845 1599 1005 1651 extremae

220 1707 244 1747 ro
254 1687 452 1763 paupertatis
467 1687 646 1763 asperrima
660 1687 895 1764 degustatione.
923 1688 1004 1750 Cum

253 1785 340 1845 enirn
362 1795 458 1845 natus
480 1801 573 1844 esses
595 1784 628 1843 in
651 1784 729 1844 orbe
752 1787 859 1860 Deus,
882 1783 1004 1862 elegisti

253 1892 448 1943 nocturnum
471 1892 600 1959 tempus
622 1901 680 1961 pro
702 1893 845 1959 secreto,
867 1884 1004 1961 algorem

253 1980 372 2040 hiemis
401 1997 459 2057 pro
482 1980 626 2056 deliciis,
655 1998 717 2041 nec
739 1979 895 2058 quaesisti
918 1997 1006 2057 gran-

253 2077 306 2137 dia
346 2077 463 2154 palatia
504 2095 562 2154 pro
604 2078 692 2155 regia
734 2078 907 2155 dignitate,
951 2077 1005 2137 sed

219 2176 352 2236 rsbreve
383 2175 579 2235 cunabulum
618 2175 657 2235 ad
695 2184 782 2235 tuam
820 2174 1006 2235 teneritudi-

252 2290 328 2332 nem
355 2273 598 2349 contegendam.
648 2272 677 2333 Ο
709 2282 881 2349 paupertas
910 2290 1006 2349 super

252 2380 492 2446 paupertatem,
520 2370 606 2447 quod
635 2370 689 2429 vix
717 2387 843 2447 pannos
867 2370 1004 2431 habuisti

252 2468 291 2527 ad
323 2467 543 2542 induendum,
578 2467 633 2544 qui
669 2477 771 2528 totum
803 2469 886 2546 tegis
916 2486 1006 2529 mun-

253 2565 346 2640 dum,
375 2565 429 2642 qui
459 2565 564 2641 primo
593 2564 716 2624 homini
746 2566 889 2627 tunicam
918 2565 1006 2643 pelli·

216 2678 342 2724 noceam
375 2661 502 2737 fecisti,
537 2661 591 2738 qui
628 2663 753 2722 caelum
790 2663 912 2739 stellis,
946 2673 1006 2723 ter·
1043 2649 1044 2681 ¹

252 2775 319 2818 ram
344 2758 496 2833 floribus,
524 2758 670 2819 iumenta
697 2760 838 2836 pellibus
860 2771 891 2821 et
913 2759 1006 2821 crini·
1042 2827 1043 2830 Ἴ

250 2856 312 2916 bus
333 2856 416 2916 mira
430 2855 584 2916 varietate
607 2857 779 2917 adornasti.
814 2856 843 2917 Ο
864 2865 1004 2917 sanctam
1042 2865 1043 2922 l

251 2962 472 3029 paupertatem
510 2953 566 3013 nrt
601 2955 662 3014 uer
699 2955 851 3016 omnibus
887 2954 1006 3015 orvans
1042 2923 1043 2987 l

251 3051 363 3110 mundi
395 3051 642 3127 pretiosiorem,
673 3051 728 3112 vix
758 3052 834 3112 ullis
863 3051 1006 3127 perfecte

215 3148 450 3214 25imitabilem.
494 3149 579 3226 Quis
601 3150 805 3210 nascentium
830 3150 912 3209 tales
937 3165 1006 3224 per·
1041 3197 1042 3218 ,

251 3247 323 3307 tulit
345 3247 538 3325 angustias?
580 3245 674 3322 Quae
699 3247 920 3321 litera,·quae
949 3245 1006 3304 lin·
1041 3269 1042 3293 t

250 3363 312 3422 gua
339 3356 393 3406 aut
422 3362 505 3422 quae
536 3345 685 3420 exempla
708 3344 932 3405 demonstrant
952 3342 1006 3401 ali-

250 3459 347 3519 quem
379 3451 565 3503 sanctorum
594 3441 748 3501 habuisse
777 3442 840 3502 tale
871 3457 1005 3518 pauper-

249 3540 324 3600 tatis
346 3540 499 3600 initium?
694 3562 697 3566 ·
1040 3517 1041 3597 i

615 3644 640 3684 ro
