2142 4172
232 444 988 556 &mamm

228 644 260 695 et
282 635 417 695 verbum
441 634 572 695 Domini
596 634 636 694 de
659 635 846 695 Ierusalem.
877 635 988 696 Num·

229 750 325 810 quam
352 742 429 792 sunt
457 733 565 793 audita
592 732 668 793 talia
696 732 872 809 mirabilia,
901 733 989 794 sicut

229 831 281 892 die
310 831 481 905 hodiem,
510 830 597 907 quod
624 847 689 890 una
716 830 769 890 die
797 838 861 889 tam
892 831 987 892 multi

229 929 343 989 fideles
365 927 425 988 viri
448 937 481 988 et
502 928 658 988 mulieres
679 928 866 1004 acciperent
886 927 989 1004 Spiri-

206 1036 296 1088 stum
332 1035 480 1085 sanctum
516 1025 637 1085 visibili
677 1025 770 1101 signo
808 1024 841 1085 in
880 1025 987 1101 igneis
1057 1032 1058 1066 l

229 1123 348 1201 linguis
370 1132 402 1183 et
423 1124 655 1200 prophetarent
676 1121 785 1181 verbis
809 1121 932 1197 apertis
953 1132 986 1183 et

229 1220 456 1297 intellegerent
477 1221 655 1297 scripturas
670 1219 798 1280 divinas
819 1227 851 1278 et
874 1219 986 1295 loque·

229 1327 341 1378 rentur
369 1318 514 1377 omnium
544 1318 725 1395 linguarum
755 1327 788 1376 et
815 1315 985 1376 nationum

229 1415 375 1491 vocibus,
397 1424 429 1476 et
450 1415 537 1492 quod
559 1415 710 1476 homines
732 1414 804 1474 sine
825 1413 932 1473 literis
953 1422 986 1474 et

195 1535 219 1576 ιο
229 1512 336 1572 studio
366 1512 521 1573 librorum
544 1513 577 1573 in
607 1513 719 1572 schola
741 1510 802 1570 Dei
832 1520 898 1570 tam
921 1510 986 1571 cito

229 1621 261 1671 et
281 1611 426 1687 perfecte
449 1610 604 1687 aSpiritu
625 1620 737 1670 sancto
759 1608 845 1668 docti
869 1608 986 1669 lierent

229 1718 260 1769 et
282 1725 356 1768 cum
380 1709 552 1769 donatione
573 1708 782 1769 scientiarum
799 1708 986 1783 multarum,
1059 1781 1060 1790 ἵ

229 1806 325 1866 etiam
348 1807 514 1866 miraculis
536 1816 568 1867 et
582 1806 738 1882 prodigiis
760 1805 872 1866 multis
892 1823 986 1866 coru·

228 1912 367 1965 scatent.

194 2021 219 2066 rs
269 2001 299 2063 O
330 2001 529 2061 admirabilis
560 2010 591 2061 et
622 2001 849 2062 inenarrabilis
881 2001 987 2061 virtus

230 2099 370 2176 Spiritus
392 2098 512 2173 sancti,
534 2098 589 2175 qui
612 2115 744 2174 omncs,
770 2116 854 2176 quos
876 2098 986 2159 visitat
1060 2091 1061 2100 ’

230 2208 261 2259 et
282 2200 403 2275 replet,
432 2199 598 2258 ferventes
621 2197 697 2257 iacit
718 2208 750 2257 et
774 2197 905 2271 doctos,
928 2198 987 2256 hu·

230 2296 325 2356 miles
347 2305 378 2356 et
400 2296 545 2371 devotos,
567 2296 670 2355 laetos
691 2303 723 2354 et
746 2295 857 2354 fortes.
900 2294 984 2354 Nam

229 2394 318 2453 nulla
339 2410 430 2453 mora
451 2392 484 2452 in
507 2392 662 2452 discendo
685 2400 744 2467 est,
767 2392 820 2452 ubi
844 2391 986 2467 Spiritus

191 2499 362 2552 ansanctus
392 2491 504 2551 doctor
534 2490 683 2549 internus
712 2490 802 2549 adest
833 2491 987 2551 revelans

230 2597 356 2649 secreta
377 2587 530 2647 caelestia
551 2587 713 2663 parvulis,
739 2597 834 2663 prout
855 2588 986 2648 noverit

230 2685 278 2744 eis
300 2685 454 2761 expedire
476 2686 514 2744 ad
536 2685 723 2744 salutemet
744 2685 881 2744 aliorum
899 2685 986 2745 utili·

229 2792 337 2843 tatem.
381 2784 455 2859 lpse
484 2783 578 2843 docet
602 2783 776 2859 praecipue
805 2782 986 2858 discipulos

229 2897 308 2941 suos
336 2889 368 2941 et
396 2889 542 2941 secretos
571 2879 693 2940 amicos
721 2881 878 2941 mundum
909 2898 985 2942 con·

192 2995 219 3037 25
229 2990 386 3054 temnere,
408 2979 548 3055 superbe
570 2995 635 3038 non
651 2995 776 3055 sapere,
798 2979 857 3039 sed
878 2980 985 3039 humi·

229 3078 314 3138 libus
344 3093 475 3153 semper
504 3076 706 3152 consentire,
737 3077 798 3137 sibi
829 3077 910 3154 ipsis
938 3078 985 3138 vi-

229 3176 371 3250 lescere,
400 3176 543 3235 honores
572 3176 701 3251 fugere,
730 3175 878 3236 delectus
906 3193 984 3237 suos

228 3273 391 3349 inspicere
416 3282 447 3333 et
468 3275 638 3350 plangere,
666 3273 730 3333 cito
755 3273 931 3334 emendare
953 3284 984 3334 et

229 3371 301 3431 sine
317 3371 447 3431 fictione
462 3371 630 3432 humiliter
647 3370 804 3446 confiteri,
826 3372 983 3449 quidquid

192 3468 393 3528 aoremordet
428 3478 460 3528 et
495 3469 572 3529 latet
605 3468 639 3529 in
676 3469 877 3530 conscientia
909 3487 983 3530 con-

231 3564 375 3624 sessione
404 3565 536 3642 dignum
559 3575 590 3626 et
613 3565 746 3643 Spiritui
774 3578 886 3627 sancto
909 3584 983 3628 con-

587 3671 629 3713 are
796 3671 799 3676 ·
