2142 4172
239 421 982 536 muozffl

230 614 340 675 omnia
361 613 588 675 desiderabilia
609 630 674 673 non
696 614 805 675 valent
827 613 876 674 eis
898 631 989 674 com·

229 711 346 788 parari.

271 807 300 869 O
324 809 445 869 utinam
474 818 551 870 tunc
580 826 737 885 praesens
762 808 930 869 affuissem
954 819 988 870 et

230 924 304 967 cum
328 906 402 967 Iesu
431 915 557 967 secrete
586 924 604 966 a
626 906 726 967 latere
755 906 827 966 eius
848 905 985 967 ivissem

206 1014 284 1066 saut
314 1012 400 1064 retro
431 1014 564 1066 secutus
594 1005 730 1064 fuissem
760 1012 793 1064 et
821 1014 914 1064 caute
945 1005 985 1064 ad

229 1102 338 1162 omnia
365 1102 465 1162 verba
496 1103 627 1162 Domini
659 1102 723 1162 mei
754 1102 828 1162 Iesu
858 1102 985 1163 Christi

229 1199 443 1260 advertissem
473 1209 505 1260 et
533 1201 565 1261 in
594 1200 692 1260 corde
714 1216 788 1260 meo
812 1199 986 1276 diligenter

229 1297 337 1357 audita
357 1297 602 1358 abscondissem
618 1299 657 1358 ad
673 1298 893 1358 meditandum
908 1298 985 1358 inde

229 1395 360 1471 saepius
391 1405 423 1455 et
453 1396 491 1455 ad
522 1394 758 1471 proficiendum
790 1411 921 1471 semper
950 1395 983 1454 in

194 1493 347 1556 romelius
377 1503 408 1554 et
436 1493 475 1553 ad
504 1495 684 1553 cavendum
716 1510 813 1553 omne
842 1493 982 1553 otiosum

228 1590 364 1650 verbum
387 1607 460 1650 cum
484 1591 670 1650 hominibus
692 1590 772 1651 mihi
797 1590 933 1650 nocivis.

269 1687 333 1747 Sed
355 1688 441 1764 quod
468 1705 534 1748 non
557 1697 606 1748 est
627 1688 707 1749 mihi
730 1688 839 1748 datum
862 1688 984 1748 habere

229 1785 438 1860 corporaliter
448 1794 567 1861 tecum,
581 1785 732 1860 Domine,
748 1785 891 1845 concede
902 1785 982 1845 mihi

228 1883 385 1958 consequi
407 1899 505 1958 posse
521 1882 731 1959 spiritualiter
748 1882 819 1942 sive
834 1882 867 1942 in
891 1883 983 1958 cella,

193 2004 218 2045 15
228 1980 297 2041 sive
320 1981 352 2041 in
375 1999 505 2058 mensa,
534 1982 604 2042 sive
626 1982 659 2043 in
681 1982 764 2056 otio,
791 1983 861 2043 sive
883 1981 915 2041 in
939 1982 982 2040 la·
1050 2033 1051 2036 ,

227 2079 316 2153 bore,
338 2079 408 2139 sive
430 2081 538 2155 solus,
559 2079 629 2139 sive
652 2097 726 2140 cum
749 2080 850 2155 socio,
871 2089 906 2139 ut
927 2080 983 2139 ha·
1050 2077 1051 2080 ’

227 2177 319 2236 bearn
342 2187 374 2237 te
397 2194 527 2254 semper
548 2194 624 2253 prae
651 2177 755 2237 oculis
784 2178 867 2238 meis
898 2177 982 2237 sicut
1050 2205 1051 2208 ¹

228 2293 305 2336 vere
327 2285 533 2353 praesentem
556 2285 588 2334 et
609 2275 718 2335 omnia
740 2286 928 2335 cernentem
951 2285 983 2335 et
1050 2255 1051 2332 l

227 2390 355 2434 mecum
379 2374 412 2433 in
428 2374 480 2434 via
497 2374 715 2434 ambulantem
735 2382 767 2433 et
781 2374 882 2433 multa
896 2374 981 2433 bona
1050 2387 1051 2396 ¹

189 2493 217 2534 20
227 2471 449 2547 inspirantem.
493 2472 558 2549 Qui
581 2471 665 2532 vivis
688 2481 748 2532 etc.

414 2705 685 2787 [cnrnvnvn
714 2707 797 2784 nn]

225 2870 271 2929 De
294 2868 474 2943 cognitione
497 2867 614 2928 Christi
642 2867 854 2945 infractione
871 2867 979 2942 panis.

226 2995 472 3218 &medico
496 3063 527 3114 et
540 3053 660 3130 gratias
674 3071 734 3130 ago
749 3053 817 3128 tibi,
840 3055 980 3114 Domine

358 3153 432 3213 lesu
455 3152 606 3227 Christe,
629 3153 723 3228 panis
745 3153 848 3228 vitae,
876 3153 979 3213 dulcis

189 3252 347 3327 2shospes
375 3251 501 3311 animae
524 3261 555 3311 et
577 3252 728 3313 caelestis
754 3252 891 3311 donator
911 3268 979 3327 gra-

225 3349 288 3410 tiae
310 3366 368 3425 pro
384 3349 564 3409 admirabili
580 3349 764 3426 dignatione
780 3359 835 3409 tua
850 3359 882 3409 et
903 3349 978 3408 ami-

226 3445 319 3506 cabili
336 3446 486 3506 convivio
498 3464 572 3506 cum
588 3446 715 3506 duobus
730 3446 900 3522 discipulis
915 3445 978 3506 tuis

226 3543 259 3603 in
281 3543 422 3619 hospitio
445 3544 656 3618 comedendo,
678 3544 733 3620 qui
749 3561 865 3620 magna
883 3542 978 3604 allec·

585 3648 625 3690 ars
