<?xml version="1.0" encoding="UTF-8"?>
<!DOCTYPE html PUBLIC "-//W3C//DTD XHTML 1.0 Transitional//EN"
    "http://www.w3.org/TR/xhtml1/DTD/xhtml1-transitional.dtd">
<html xmlns="http://www.w3.org/1999/xhtml" xml:lang="en" lang="en">
 <head>
  <title>
</title>
<meta http-equiv="Content-Type" content="text/html;charset=utf-8" />
  <meta name='ocr-system' content='tesseract 3.04.00' />
  <meta name='ocr-capabilities' content='ocr_page ocr_carea ocr_par ocr_line ocrx_word'/>
</head>
<body>
  <div class='ocr_page' id='page_1' title='image "./thomaehemerkena02pohlgoog_0310.png"; bbox 0 0 2142 4172; ppageno 0'>
   <div class='ocr_carea' id='block_1_1' title="bbox 77 686 892 2705">
    <p class='ocr_par' dir='ltr' id='par_1_1' title="bbox 77 686 892 2705">
     <span class='ocr_line' id='line_1_1' title="bbox 77 686 839 768; baseline -0.007 -17"><span class='ocrx_word' id='word_1_1' title='bbox 77 689 215 768; x_wconf 86' lang='lat' dir='ltr'>gloriosi</span> <span class='ocrx_word' id='word_1_2' title='bbox 247 689 393 767; x_wconf 89' lang='lat' dir='ltr'><strong>corporis</strong></span> <span class='ocrx_word' id='word_1_3' title='bbox 428 689 475 750; x_wconf 91' lang='lat' dir='ltr'><strong>tui</strong></span> <span class='ocrx_word' id='word_1_4' title='bbox 507 688 711 766; x_wconf 80' lang='lat' dir='ltr'><strong>stigmatibus</strong></span> <span class='ocrx_word' id='word_1_5' title='bbox 744 686 839 747; x_wconf 90' lang='lat' dir='ltr'><strong>mira·</strong></span> 
     </span>
     <span class='ocr_line' id='line_1_2' title="bbox 81 786 840 848; baseline -0.005 0"><span class='ocrx_word' id='word_1_6' title='bbox 81 789 196 848; x_wconf 91' lang='lat' dir='ltr'><strong>culose</strong></span> <span class='ocrx_word' id='word_1_7' title='bbox 218 787 251 846; x_wconf 92' lang='lat' dir='ltr'><strong>in</strong></span> <span class='ocrx_word' id='word_1_8' title='bbox 270 796 301 847; x_wconf 93' lang='lat' dir='ltr'><strong>te</strong></span> <span class='ocrx_word' id='word_1_9' title='bbox 317 786 441 847; x_wconf 90' lang='lat' dir='ltr'><strong>relictis</strong></span> <span class='ocrx_word' id='word_1_10' title='bbox 455 786 489 846; x_wconf 94' lang='lat' dir='ltr'><strong>in</strong></span> <span class='ocrx_word' id='word_1_11' title='bbox 504 786 727 846; x_wconf 89' lang='lat' dir='ltr'><strong>testimonium</strong></span> <span class='ocrx_word' id='word_1_12' title='bbox 743 801 840 845; x_wconf 91' lang='lat' dir='ltr'><strong>verae</strong></span> 
     </span>
     <span class='ocr_line' id='line_1_3' title="bbox 85 884 867 961; baseline -0.005 -15"><span class='ocrx_word' id='word_1_13' title='bbox 85 884 337 946; x_wconf 89' lang='lat' dir='ltr'><strong>resurrectionis</strong></span> <span class='ocrx_word' id='word_1_14' title='bbox 359 895 450 960; x_wconf 89' lang='lat' dir='ltr'><strong>tuae,</strong></span> <span class='ocrx_word' id='word_1_15' title='bbox 471 893 507 945; x_wconf 90' lang='lat' dir='ltr'><strong>ut</strong></span> <span class='ocrx_word' id='word_1_16' title='bbox 528 885 700 945; x_wconf 78' lang='lat' dir='ltr'><strong>crederent</strong></span> <span class='ocrx_word' id='word_1_17' title='bbox 720 893 753 944; x_wconf 93' lang='lat' dir='ltr'><strong>et</strong></span> <span class='ocrx_word' id='word_1_18' title='bbox 773 899 838 943; x_wconf 93' lang='lat' dir='ltr'><strong>non</strong></span> <span class='ocrx_word' id='word_1_19' title='bbox 865 955 867 961; x_wconf 28' lang='grc' dir='ltr'>Ι</span> 
     </span>
     <span class='ocr_line' id='line_1_4' title="bbox 80 979 840 1059; baseline -0.003 -16"><span class='ocrx_word' id='word_1_20' title='bbox 80 982 267 1043; x_wconf 79' lang='lat' dir='ltr'><strong>dubitarent</strong></span> <span class='ocrx_word' id='word_1_21' title='bbox 289 982 329 1042; x_wconf 92' lang='lat' dir='ltr'><strong>de</strong></span> <span class='ocrx_word' id='word_1_22' title='bbox 344 982 545 1059; x_wconf 81' lang='lat' dir='ltr'><strong>apparitione</strong></span> <span class='ocrx_word' id='word_1_23' title='bbox 560 992 624 1057; x_wconf 87' lang='lat' dir='ltr'><strong>tua,</strong></span> <span class='ocrx_word' id='word_1_24' title='bbox 646 981 759 1042; x_wconf 86' lang='lat' dir='ltr'><strong>dicens</strong></span> <span class='ocrx_word' id='word_1_25' title='bbox 775 979 840 1041; x_wconf 91' lang='lat' dir='ltr'><strong>eis:</strong></span> 
     </span>
     <span class='ocr_line' id='line_1_5' title="bbox 83 1078 864 1156; baseline 0.005 -18"><span class='ocrx_word' id='word_1_26' title='bbox 83 1078 217 1155; x_wconf 87' lang='lat' dir='ltr'><strong>Palpate</strong></span> <span class='ocrx_word' id='word_1_27' title='bbox 247 1089 280 1140; x_wconf 87' lang='lat' dir='ltr'><strong>et</strong></span> <span class='ocrx_word' id='word_1_28' title='bbox 308 1079 435 1155; x_wconf 87' lang='lat' dir='ltr'><strong>videte,</strong></span> <span class='ocrx_word' id='word_1_29' title='bbox 468 1079 545 1156; x_wconf 89' lang='lat' dir='ltr'><strong>quia</strong></span> <span class='ocrx_word' id='word_1_30' title='bbox 575 1096 634 1156; x_wconf 87' lang='lat' dir='ltr'><strong>ego</strong></span> <span class='ocrx_word' id='word_1_31' title='bbox 665 1078 736 1155; x_wconf 92' lang='lat' dir='ltr'><strong>ipse</strong></span> <span class='ocrx_word' id='word_1_32' title='bbox 767 1095 864 1142; x_wconf 84' lang='lat' dir='ltr'><strong>sums</strong></span> 
     </span>
     <span class='ocr_line' id='line_1_6' title="bbox 82 1174 840 1254; baseline -0.005 -17"><span class='ocrx_word' id='word_1_33' title='bbox 82 1179 179 1238; x_wconf 88' lang='lat' dir='ltr'><strong>lesus</strong></span> <span class='ocrx_word' id='word_1_34' title='bbox 208 1176 383 1254; x_wconf 89' lang='lat' dir='ltr'><strong>Christus,</strong></span> <span class='ocrx_word' id='word_1_35' title='bbox 412 1178 466 1254; x_wconf 92' lang='lat' dir='ltr'><strong>qui</strong></span> <span class='ocrx_word' id='word_1_36' title='bbox 497 1195 555 1254; x_wconf 93' lang='lat' dir='ltr'><strong>pro</strong></span> <span class='ocrx_word' id='word_1_37' title='bbox 580 1176 674 1238; x_wconf 90' lang='lat' dir='ltr'><strong>vobis</strong></span> <span class='ocrx_word' id='word_1_38' title='bbox 701 1174 840 1252; x_wconf 91' lang='lat' dir='ltr'><strong>pependi</strong></span> 
     </span>
     <span class='ocr_line' id='line_1_7' title="bbox 81 1272 842 1337; baseline -0.004 -3"><span class='ocrx_word' id='word_1_39' title='bbox 81 1275 117 1335; x_wconf 94' lang='lat' dir='ltr'><strong>in</strong></span> <span class='ocrx_word' id='word_1_40' title='bbox 147 1291 245 1335; x_wconf 90' lang='lat' dir='ltr'><strong>cruce</strong></span> <span class='ocrx_word' id='word_1_41' title='bbox 273 1284 306 1335; x_wconf 93' lang='lat' dir='ltr'><strong>et</strong></span> <span class='ocrx_word' id='word_1_42' title='bbox 333 1276 497 1337; x_wconf 89' lang='lat' dir='ltr'><strong>resurrexi</strong></span> <span class='ocrx_word' id='word_1_43' title='bbox 527 1276 623 1336; x_wconf 89' lang='lat' dir='ltr'><strong>tertia</strong></span> <span class='ocrx_word' id='word_1_44' title='bbox 651 1274 703 1335; x_wconf 93' lang='lat' dir='ltr'><strong>die</strong></span> <span class='ocrx_word' id='word_1_45' title='bbox 733 1272 842 1333; x_wconf 89' lang='lat' dir='ltr'><strong>divina</strong></span> 
     </span>
     <span class='ocr_line' id='line_1_8' title="bbox 82 1371 842 1450; baseline -0.004 -17"><span class='ocrx_word' id='word_1_46' title='bbox 82 1373 216 1447; x_wconf 87' lang='lat' dir='ltr'><strong>virtute,</strong></span> <span class='ocrx_word' id='word_1_47' title='bbox 237 1371 322 1433; x_wconf 90' lang='lat' dir='ltr'><strong>sicut</strong></span> <span class='ocrx_word' id='word_1_48' title='bbox 338 1373 483 1449; x_wconf 85' lang='lat' dir='ltr'><strong>praedixi</strong></span> <span class='ocrx_word' id='word_1_49' title='bbox 499 1373 593 1435; x_wconf 92' lang='lat' dir='ltr'><strong>vobis</strong></span> <span class='ocrx_word' id='word_1_50' title='bbox 608 1390 706 1450; x_wconf 84' lang='lat' dir='ltr'><strong>saepe</strong></span> <span class='ocrx_word' id='word_1_51' title='bbox 721 1380 842 1448; x_wconf 87' lang='lat' dir='ltr'><strong>aperte,</strong></span> 
     </span>
     <span class='ocr_line' id='line_1_9' title="bbox 83 1469 842 1532; baseline 0.001 -4"><span class='ocrx_word' id='word_1_52' title='bbox 83 1470 145 1529; x_wconf 92' lang='lat' dir='ltr'><strong>sed</strong></span> <span class='ocrx_word' id='word_1_53' title='bbox 166 1486 232 1529; x_wconf 95' lang='lat' dir='ltr'><strong>non</strong></span> <span class='ocrx_word' id='word_1_54' title='bbox 253 1469 462 1531; x_wconf 89' lang='lat' dir='ltr'><strong>intellexistis</strong></span> <span class='ocrx_word' id='word_1_55' title='bbox 483 1481 561 1531; x_wconf 91' lang='lat' dir='ltr'><strong>tunc</strong></span> <span class='ocrx_word' id='word_1_56' title='bbox 587 1473 683 1532; x_wconf 89' lang='lat' dir='ltr'><strong>clare.</strong></span> <span class='ocrx_word' id='word_1_57' title='bbox 725 1470 842 1531; x_wconf 89' lang='lat' dir='ltr'><strong>Videte</strong></span> 
     </span>
     <span class='ocr_line' id='line_1_10' title="bbox 84 1568 879 1644; baseline -0.003 -17"><span class='ocrx_word' id='word_1_58' title='bbox 84 1584 164 1644; x_wconf 85' lang='lat' dir='ltr'><strong>ergo</strong></span> <span class='ocrx_word' id='word_1_59' title='bbox 192 1583 280 1627; x_wconf 87' lang='lat' dir='ltr'><strong>nunc</strong></span> <span class='ocrx_word' id='word_1_60' title='bbox 308 1585 424 1628; x_wconf 91' lang='lat' dir='ltr'><strong>manus</strong></span> <span class='ocrx_word' id='word_1_61' title='bbox 448 1586 540 1629; x_wconf 92' lang='lat' dir='ltr'><strong>meas</strong></span> <span class='ocrx_word' id='word_1_62' title='bbox 568 1577 600 1629; x_wconf 92' lang='lat' dir='ltr'><strong>et</strong></span> <span class='ocrx_word' id='word_1_63' title='bbox 627 1568 729 1644; x_wconf 93' lang='lat' dir='ltr'><strong>pedes</strong></span> <span class='ocrx_word' id='word_1_64' title='bbox 750 1584 843 1628; x_wconf 92' lang='lat' dir='ltr'><strong>meos</strong></span> <span class='ocrx_word' id='word_1_65' title='bbox 854 1583 879 1625; x_wconf 86' lang='lat' dir='ltr'><strong>ro</strong></span> 
     </span>
     <span class='ocr_line' id='line_1_11' title="bbox 85 1665 843 1743; baseline -0.003 -17"><span class='ocrx_word' id='word_1_66' title='bbox 85 1676 119 1726; x_wconf 88' lang='lat' dir='ltr'><strong>et</strong></span> <span class='ocrx_word' id='word_1_67' title='bbox 141 1666 225 1726; x_wconf 90' lang='lat' dir='ltr'><strong>latus</strong></span> <span class='ocrx_word' id='word_1_68' title='bbox 253 1682 363 1727; x_wconf 92' lang='lat' dir='ltr'><strong>meum</strong></span> <span class='ocrx_word' id='word_1_69' title='bbox 386 1677 419 1728; x_wconf 88' lang='lat' dir='ltr'><strong>et</strong></span> <span class='ocrx_word' id='word_1_70' title='bbox 440 1667 645 1728; x_wconf 90' lang='lat' dir='ltr'><strong>considerate</strong></span> <span class='ocrx_word' id='word_1_71' title='bbox 669 1665 843 1743; x_wconf 88' lang='lat' dir='ltr'><strong>praecipue</strong></span> 
     </span>
     <span class='ocr_line' id='line_1_12' title="bbox 85 1763 890 1841; baseline 0 -19"><span class='ocrx_word' id='word_1_72' title='bbox 85 1763 121 1822; x_wconf 93' lang='lat' dir='ltr'><strong>in</strong></span> <span class='ocrx_word' id='word_1_73' title='bbox 143 1780 197 1824; x_wconf 93' lang='lat' dir='ltr'><strong>me</strong></span> <span class='ocrx_word' id='word_1_74' title='bbox 224 1763 370 1840; x_wconf 91' lang='lat' dir='ltr'><strong>quinque</strong></span> <span class='ocrx_word' id='word_1_75' title='bbox 398 1764 563 1841; x_wconf 89' lang='lat' dir='ltr'><strong>passionis</strong></span> <span class='ocrx_word' id='word_1_76' title='bbox 591 1781 684 1824; x_wconf 89' lang='lat' dir='ltr'><strong>meae</strong></span> <span class='ocrx_word' id='word_1_77' title='bbox 708 1763 844 1823; x_wconf 92' lang='lat' dir='ltr'><strong>vulnera</strong></span> <span class='ocrx_word' id='word_1_78' title='bbox 886 1799 890 1804; x_wconf 93' lang='lat'><em>-</em></span> 
     </span>
     <span class='ocr_line' id='line_1_13' title="bbox 86 1862 843 1938; baseline -0.004 -16"><span class='ocrx_word' id='word_1_79' title='bbox 86 1863 128 1922; x_wconf 89' lang='lat' dir='ltr'><strong>ad</strong></span> <span class='ocrx_word' id='word_1_80' title='bbox 143 1862 364 1924; x_wconf 90' lang='lat' dir='ltr'><strong>meditandum</strong></span> <span class='ocrx_word' id='word_1_81' title='bbox 380 1863 414 1924; x_wconf 94' lang='lat' dir='ltr'><strong>in</strong></span> <span class='ocrx_word' id='word_1_82' title='bbox 430 1863 479 1924; x_wconf 92' lang='lat' dir='ltr'><strong>eis</strong></span> <span class='ocrx_word' id='word_1_83' title='bbox 490 1864 543 1924; x_wconf 92' lang='lat' dir='ltr'><strong>die</strong></span> <span class='ocrx_word' id='word_1_84' title='bbox 553 1881 590 1924; x_wconf 93' lang='lat' dir='ltr'><strong>ac</strong></span> <span class='ocrx_word' id='word_1_85' title='bbox 602 1872 709 1938; x_wconf 88' lang='lat' dir='ltr'><strong>nocte,</strong></span> <span class='ocrx_word' id='word_1_86' title='bbox 724 1869 843 1938; x_wconf 89' lang='lat' dir='ltr'><strong>quanto</strong></span> 
     </span>
     <span class='ocr_line' id='line_1_14' title="bbox 87 1959 892 2038; baseline -0.001 -19"><span class='ocrx_word' id='word_1_87' title='bbox 87 1977 200 2020; x_wconf 89' lang='lat' dir='ltr'><strong>amore</strong></span> <span class='ocrx_word' id='word_1_88' title='bbox 222 1979 282 2023; x_wconf 92' lang='lat' dir='ltr'><strong>vos</strong></span> <span class='ocrx_word' id='word_1_89' title='bbox 303 1961 400 2023; x_wconf 92' lang='lat' dir='ltr'><strong>dilexi</strong></span> <span class='ocrx_word' id='word_1_90' title='bbox 426 1971 458 2022; x_wconf 91' lang='lat' dir='ltr'><strong>et</strong></span> <span class='ocrx_word' id='word_1_91' title='bbox 479 1970 599 2038; x_wconf 89' lang='lat' dir='ltr'><strong>quanta</strong></span> <span class='ocrx_word' id='word_1_92' title='bbox 624 1959 764 2021; x_wconf 89' lang='lat' dir='ltr'><strong>sustinui</strong></span> <span class='ocrx_word' id='word_1_93' title='bbox 786 1976 844 2035; x_wconf 92' lang='lat' dir='ltr'><strong>pro</strong></span> <span class='ocrx_word' id='word_1_94' title='bbox 890 2033 892 2037; x_wconf 17' lang='grc' dir='ltr'><strong><em>ι</em></strong></span> 
     </span>
     <span class='ocr_line' id='line_1_15' title="bbox 88 2056 881 2120; baseline -0.004 -3"><span class='ocrx_word' id='word_1_95' title='bbox 88 2067 222 2118; x_wconf 87' lang='lat' dir='ltr'><strong>aeterna</strong></span> <span class='ocrx_word' id='word_1_96' title='bbox 243 2059 347 2120; x_wconf 87' lang='lat' dir='ltr'><strong>salute</strong></span> <span class='ocrx_word' id='word_1_97' title='bbox 369 2069 487 2120; x_wconf 87' lang='lat' dir='ltr'><strong>vestra.</strong></span> <span class='ocrx_word' id='word_1_98' title='bbox 531 2059 597 2119; x_wconf 85' lang='lat' dir='ltr'><strong>Pax</strong></span> <span class='ocrx_word' id='word_1_99' title='bbox 616 2057 710 2119; x_wconf 92' lang='lat' dir='ltr'><strong>vobis</strong></span> <span class='ocrx_word' id='word_1_100' title='bbox 731 2056 846 2116; x_wconf 92' lang='lat' dir='ltr'><strong>amicis</strong></span> <span class='ocrx_word' id='word_1_101' title='bbox 855 2072 881 2115; x_wconf 87' lang='lat'><strong>15</strong></span> 
     </span>
     <span class='ocr_line' id='line_1_16' title="bbox 87 2155 846 2234; baseline -0.004 -19"><span class='ocrx_word' id='word_1_102' title='bbox 87 2155 184 2231; x_wconf 88' lang='lat' dir='ltr'><strong>meis,</strong></span> <span class='ocrx_word' id='word_1_103' title='bbox 195 2157 472 2234; x_wconf 86' lang='lat' dir='ltr'><strong>contemptoribus</strong></span> <span class='ocrx_word' id='word_1_104' title='bbox 483 2156 606 2231; x_wconf 91' lang='lat' dir='ltr'><strong>mundi,</strong></span> <span class='ocrx_word' id='word_1_105' title='bbox 622 2155 741 2232; x_wconf 89' lang='lat' dir='ltr'><strong>quibus</strong></span> <span class='ocrx_word' id='word_1_106' title='bbox 755 2170 846 2230; x_wconf 92' lang='lat' dir='ltr'><strong>prae·</strong></span> 
     </span>
     <span class='ocr_line' id='line_1_17' title="bbox 88 2249 846 2332; baseline -0.004 -20"><span class='ocrx_word' id='word_1_107' title='bbox 88 2253 200 2328; x_wconf 86' lang='lat' dir='ltr'><strong>paravi</strong></span> <span class='ocrx_word' id='word_1_108' title='bbox 222 2264 354 2315; x_wconf 88' lang='lat' dir='ltr'><strong>aeterna</strong></span> <span class='ocrx_word' id='word_1_109' title='bbox 380 2253 496 2332; x_wconf 86' lang='lat' dir='ltr'><strong>gaudia</strong></span> <span class='ocrx_word' id='word_1_110' title='bbox 519 2252 600 2314; x_wconf 89' lang='lat' dir='ltr'><strong>caeli</strong></span> <span class='ocrx_word' id='word_1_111' title='bbox 625 2269 699 2312; x_wconf 92' lang='lat' dir='ltr'><strong>cum</strong></span> <span class='ocrx_word' id='word_1_112' title='bbox 722 2249 846 2328; x_wconf 86' lang='lat' dir='ltr'><strong>angelis</strong></span> 
     </span>
     <span class='ocr_line' id='line_1_18' title="bbox 89 2351 847 2430; baseline -0.004 -20"><span class='ocrx_word' id='word_1_113' title='bbox 89 2351 213 2411; x_wconf 90' lang='lat' dir='ltr'><strong>sanctis</strong></span> <span class='ocrx_word' id='word_1_114' title='bbox 241 2362 315 2429; x_wconf 91' lang='lat' dir='ltr'><strong>post</strong></span> <span class='ocrx_word' id='word_1_115' title='bbox 331 2354 443 2413; x_wconf 89' lang='lat' dir='ltr'><strong>multa</strong></span> <span class='ocrx_word' id='word_1_116' title='bbox 469 2352 615 2430; x_wconf 90' lang='lat' dir='ltr'><strong>pericula</strong></span> <span class='ocrx_word' id='word_1_117' title='bbox 643 2351 728 2411; x_wconf 87' lang='lat' dir='ltr'><strong>vitae</strong></span> <span class='ocrx_word' id='word_1_118' title='bbox 756 2364 847 2424; x_wconf 91' lang='lat' dir='ltr'><strong>prae·</strong></span> 
     </span>
     <span class='ocr_line' id='line_1_19' title="bbox 89 2445 847 2526; baseline -0.004 -19"><span class='ocrx_word' id='word_1_119' title='bbox 89 2449 205 2509; x_wconf 89' lang='lat' dir='ltr'><strong>sentis.</strong></span> <span class='ocrx_word' id='word_1_120' title='bbox 250 2450 359 2511; x_wconf 92' lang='lat' dir='ltr'><strong>Nolite</strong></span> <span class='ocrx_word' id='word_1_121' title='bbox 388 2450 521 2526; x_wconf 88' lang='lat' dir='ltr'><strong>timere,</strong></span> <span class='ocrx_word' id='word_1_122' title='bbox 551 2449 652 2509; x_wconf 88' lang='lat' dir='ltr'><strong>nolite</strong></span> <span class='ocrx_word' id='word_1_123' title='bbox 682 2445 847 2520; x_wconf 82' lang='lat' dir='ltr'><strong>diffidere3</strong></span> 
     </span>
     <span class='ocr_line' id='line_1_20' title="bbox 90 2544 884 2634; baseline -0.004 -29"><span class='ocrx_word' id='word_1_124' title='bbox 90 2563 152 2622; x_wconf 87' lang='lat' dir='ltr'><strong>ego</strong></span> <span class='ocrx_word' id='word_1_125' title='bbox 167 2563 296 2608; x_wconf 91' lang='lat' dir='ltr'><strong>merces</strong></span> <span class='ocrx_word' id='word_1_126' title='bbox 310 2557 429 2623; x_wconf 86' lang='lat' dir='ltr'><strong>vestra,</strong></span> <span class='ocrx_word' id='word_1_127' title='bbox 447 2564 567 2634; x_wconf 80' lang='lat' dir='ltr'><strong>corona</strong></span> <span class='ocrx_word' id='word_1_128' title='bbox 581 2553 690 2606; x_wconf 91' lang='lat' dir='ltr'><strong>vestra</strong></span> <span class='ocrx_word' id='word_1_129' title='bbox 704 2553 736 2604; x_wconf 91' lang='lat' dir='ltr'><strong>et</strong></span> <span class='ocrx_word' id='word_1_130' title='bbox 750 2544 848 2603; x_wconf 91' lang='lat' dir='ltr'><strong>bene·</strong></span> <span class='ocrx_word' id='word_1_131' title='bbox 857 2561 884 2603; x_wconf 82' lang='lat' dir='ltr'><strong>ao</strong></span> 
     </span>
     <span class='ocr_line' id='line_1_21' title="bbox 90 2643 490 2705; baseline 0.003 -2"><span class='ocrx_word' id='word_1_132' title='bbox 90 2643 191 2704; x_wconf 89' lang='lat' dir='ltr'><strong>dictio</strong></span> <span class='ocrx_word' id='word_1_133' title='bbox 213 2653 330 2705; x_wconf 90' lang='lat' dir='ltr'><strong>vestra.</strong></span> <span class='ocrx_word' id='word_1_134' title='bbox 372 2643 490 2705; x_wconf 82' lang='lat' dir='ltr'><strong>Amen.</strong></span> 
     </span>
    </p>
   </div>
   <div class='ocr_carea' id='block_1_2' title="bbox 121 2799 823 2975">
    <p class='ocr_par' dir='ltr' id='par_1_2' title="bbox 121 2799 823 2975">
     <span class='ocr_line' id='line_1_22' title="bbox 121 2799 823 2878; baseline -0.006 -16"><span class='ocrx_word' id='word_1_135' title='bbox 121 2801 234 2863; x_wconf 83' lang='lat' dir='ltr'><strong>Oratio</strong></span> <span class='ocrx_word' id='word_1_136' title='bbox 254 2804 299 2863; x_wconf 83' lang='lat' dir='ltr'><strong>od</strong></span> <span class='ocrx_word' id='word_1_137' title='bbox 320 2802 556 2878; x_wconf 83' lang='lat' dir='ltr'><strong>impetrandum</strong></span> <span class='ocrx_word' id='word_1_138' title='bbox 574 2817 688 2878; x_wconf 84' lang='lat' dir='ltr'><strong>pacem</strong></span> <span class='ocrx_word' id='word_1_139' title='bbox 710 2799 823 2870; x_wconf 85' lang='lat' dir='ltr'><strong>cordis,</strong></span> 
     </span>
     <span class='ocr_line' id='line_1_23' title="bbox 126 2898 815 2975; baseline -0.003 -16"><span class='ocrx_word' id='word_1_140' title='bbox 126 2915 226 2975; x_wconf 86' lang='lat' dir='ltr'><strong>quam</strong></span> <span class='ocrx_word' id='word_1_141' title='bbox 249 2899 393 2961; x_wconf 81' lang='lat' dir='ltr'><strong>Christus</strong></span> <span class='ocrx_word' id='word_1_142' title='bbox 414 2899 581 2975; x_wconf 81' lang='lat' dir='ltr'><strong>discipulis</strong></span> <span class='ocrx_word' id='word_1_143' title='bbox 601 2900 669 2959; x_wconf 89' lang='lat' dir='ltr'><strong>suis</strong></span> <span class='ocrx_word' id='word_1_144' title='bbox 690 2898 815 2960; x_wconf 83' lang='lat' dir='ltr'><strong>obtulit.</strong></span> 
     </span>
    </p>
   </div>
   <div class='ocr_carea' id='block_1_3' title="bbox 78 3031 887 3601">
    <p class='ocr_par' dir='ltr' id='par_1_3' title="bbox 78 3031 887 3601">
     <span class='ocr_line' id='line_1_24' title="bbox 135 3031 850 3112; baseline -0.004 -19"><span class='ocrx_word' id='word_1_145' title='bbox 135 3032 165 3093; x_wconf 95' lang='lat' dir='ltr'>O</span> <span class='ocrx_word' id='word_1_146' title='bbox 208 3032 366 3112; x_wconf 80' lang='lat' dir='ltr'><strong>melliflue</strong></span> <span class='ocrx_word' id='word_1_147' title='bbox 409 3031 565 3093; x_wconf 90' lang='lat' dir='ltr'><strong>Domine</strong></span> <span class='ocrx_word' id='word_1_148' title='bbox 594 3032 668 3092; x_wconf 92' lang='lat' dir='ltr'><strong>lesu</strong></span> <span class='ocrx_word' id='word_1_149' title='bbox 705 3031 850 3106; x_wconf 87' lang='lat' dir='ltr'><strong>Christe,</strong></span> 
     </span>
     <span class='ocr_line' id='line_1_25' title="bbox 94 3129 887 3206; baseline -0.004 -16"><span class='ocrx_word' id='word_1_150' title='bbox 94 3147 153 3190; x_wconf 89' lang='lat' dir='ltr'><strong>rex</strong></span> <span class='ocrx_word' id='word_1_151' title='bbox 180 3130 260 3192; x_wconf 90' lang='lat' dir='ltr'><strong>caeli</strong></span> <span class='ocrx_word' id='word_1_152' title='bbox 290 3140 322 3190; x_wconf 89' lang='lat' dir='ltr'><strong>et</strong></span> <span class='ocrx_word' id='word_1_153' title='bbox 350 3140 476 3206; x_wconf 85' lang='lat' dir='ltr'><strong>terrae,</strong></span> <span class='ocrx_word' id='word_1_154' title='bbox 506 3146 584 3190; x_wconf 87' lang='lat' dir='ltr'><strong>vera</strong></span> <span class='ocrx_word' id='word_1_155' title='bbox 612 3146 672 3206; x_wconf 87' lang='lat' dir='ltr'><strong>pax</strong></span> <span class='ocrx_word' id='word_1_156' title='bbox 699 3129 887 3190; x_wconf 79' lang='lat' dir='ltr'><strong>¹cordiumas</strong></span> 
     </span>
     <span class='ocr_line' id='line_1_26' title="bbox 94 3228 851 3305; baseline 0 -18"><span class='ocrx_word' id='word_1_157' title='bbox 94 3237 127 3287; x_wconf 89' lang='lat' dir='ltr'><strong>et</strong></span> <span class='ocrx_word' id='word_1_158' title='bbox 150 3229 335 3288; x_wconf 89' lang='lat' dir='ltr'><strong>consolator</strong></span> <span class='ocrx_word' id='word_1_159' title='bbox 363 3228 599 3304; x_wconf 88' lang='lat' dir='ltr'><strong>maerentium,</strong></span> <span class='ocrx_word' id='word_1_160' title='bbox 627 3228 697 3304; x_wconf 88' lang='lat' dir='ltr'><strong>dic,</strong></span> <span class='ocrx_word' id='word_1_161' title='bbox 718 3244 851 3305; x_wconf 90' lang='lat' dir='ltr'><strong>quaeso,</strong></span> 
     </span>
     <span class='ocr_line' id='line_1_27' title="bbox 95 3326 852 3400; baseline -0.001 -14"><span class='ocrx_word' id='word_1_162' title='bbox 95 3326 224 3387; x_wconf 90' lang='lat' dir='ltr'><strong>animae</strong></span> <span class='ocrx_word' id='word_1_163' title='bbox 266 3343 358 3387; x_wconf 87' lang='lat' dir='ltr'><strong>meae</strong></span> <span class='ocrx_word' id='word_1_164' title='bbox 400 3327 570 3388; x_wconf 86' lang='lat' dir='ltr'><strong>tribulatae</strong></span> <span class='ocrx_word' id='word_1_165' title='bbox 609 3337 640 3388; x_wconf 97' lang='lat' dir='ltr'><strong>et</strong></span> <span class='ocrx_word' id='word_1_166' title='bbox 678 3326 852 3400; x_wconf 87' lang='lat' dir='ltr'><strong>desolatae,</strong></span> 
     </span>
     <span class='ocr_line' id='line_1_28' title="bbox 78 3423 852 3500; baseline -0.003 -16"><span class='ocrx_word' id='word_1_167' title='bbox 78 3423 182 3484; x_wconf 77' lang='lat' dir='ltr'><strong>sicut</strong></span> <span class='ocrx_word' id='word_1_168' title='bbox 217 3433 250 3484; x_wconf 95' lang='lat' dir='ltr'><strong>tu</strong></span> <span class='ocrx_word' id='word_1_169' title='bbox 286 3425 406 3484; x_wconf 93' lang='lat' dir='ltr'><strong>melius</strong></span> <span class='ocrx_word' id='word_1_170' title='bbox 441 3423 544 3484; x_wconf 84' lang='lat' dir='ltr'><strong>nosti:</strong></span> <span class='ocrx_word' id='word_1_171' title='bbox 576 3423 672 3485; x_wconf 88' lang='lat' dir='ltr'><strong>Salus</strong></span> <span class='ocrx_word' id='word_1_172' title='bbox 707 3434 761 3485; x_wconf 94' lang='lat' dir='ltr'><strong>tua</strong></span> <span class='ocrx_word' id='word_1_173' title='bbox 792 3440 852 3500; x_wconf 87' lang='lat' dir='ltr'><strong>ego</strong></span> 
     </span>
     <span class='ocr_line' id='line_1_29' title="bbox 96 3522 853 3601; baseline -0.007 -17"><span class='ocrx_word' id='word_1_174' title='bbox 96 3542 189 3599; x_wconf 93' lang='lat' dir='ltr'><strong>sum,</strong></span> <span class='ocrx_word' id='word_1_175' title='bbox 217 3542 278 3601; x_wconf 90' lang='lat' dir='ltr'><strong>pax</strong></span> <span class='ocrx_word' id='word_1_176' title='bbox 306 3535 377 3600; x_wconf 88' lang='lat' dir='ltr'><strong>tua,</strong></span> <span class='ocrx_word' id='word_1_177' title='bbox 399 3524 465 3584; x_wconf 89' lang='lat' dir='ltr'><strong>vita</strong></span> <span class='ocrx_word' id='word_1_178' title='bbox 486 3532 558 3599; x_wconf 88' lang='lat' dir='ltr'><strong>tua,</strong></span> <span class='ocrx_word' id='word_1_179' title='bbox 587 3522 766 3584; x_wconf 92' lang='lat' dir='ltr'><strong>consolatio</strong></span> <span class='ocrx_word' id='word_1_180' title='bbox 788 3530 853 3595; x_wconf 89' lang='lat' dir='ltr'><strong>tua,</strong></span> 
     </span>
    </p>
   </div>
   <div class='ocr_carea' id='block_1_4' title="bbox 96 3618 890 3768">
    <p class='ocr_par' dir='ltr' id='par_1_4' title="bbox 96 3618 890 3768">
     <span class='ocr_line' id='line_1_30' title="bbox 96 3618 890 3699; baseline -0.008 -17"><span class='ocrx_word' id='word_1_181' title='bbox 96 3639 175 3699; x_wconf 91' lang='lat' dir='ltr'><strong>spes</strong></span> <span class='ocrx_word' id='word_1_182' title='bbox 210 3632 283 3697; x_wconf 86' lang='lat' dir='ltr'><strong>tua,</strong></span> <span class='ocrx_word' id='word_1_183' title='bbox 318 3623 373 3682; x_wconf 95' lang='lat' dir='ltr'><strong>lux</strong></span> <span class='ocrx_word' id='word_1_184' title='bbox 408 3631 482 3697; x_wconf 91' lang='lat' dir='ltr'><strong>tua,</strong></span> <span class='ocrx_word' id='word_1_185' title='bbox 520 3621 652 3699; x_wconf 86' lang='lat' dir='ltr'><strong>requies</strong></span> <span class='ocrx_word' id='word_1_186' title='bbox 687 3630 751 3680; x_wconf 87' lang='lat' dir='ltr'><strong>tua.</strong></span> <span class='ocrx_word' id='word_1_187' title='bbox 816 3618 890 3677; x_wconf 81' lang='lat' dir='ltr'><strong>lnao</strong></span> 
     </span>
     <span class='ocr_line' id='line_1_31' title="bbox 460 3723 748 3768; baseline -0.007 0"><span class='ocrx_word' id='word_1_188' title='bbox 460 3727 497 3768; x_wconf 79' lang='lat' dir='ltr'><strong>aar</strong></span> <span class='ocrx_word' id='word_1_189' title='bbox 707 3723 748 3766; x_wconf 81' lang='lat' dir='ltr'><strong>re·</strong></span> 
     </span>
    </p>
   </div>
   <div class='ocr_carea' id='block_1_5' title="bbox 0 0 1102 4172">
    <p class='ocr_par' dir='ltr' id='par_1_5' title="bbox 0 0 1102 4172">
     <span class='ocr_line' id='line_1_32' title="bbox 0 0 1102 4172; baseline 0 0"><span class='ocrx_word' id='word_1_190' title='bbox 0 0 1102 4172; x_wconf 95' lang='lat' dir='ltr'><strong> </strong></span> 
     </span>
    </p>
   </div>
  </div>
 </body>
</html>
