2144 4168
522 491 687 547 Epllegomena.

229 643 284 720 qui
306 642 442 703 ultimus
464 641 632 703 canonicis
653 641 773 702 montis
796 659 822 702 s.
845 641 986 719 Agnetis

228 723 378 800 praefuit,
400 723 434 783 in
456 723 482 800 S.
501 727 532 782 11
553 721 648 784 Vitae
669 721 813 783 Thomae
837 722 987 783 Malleoli

231 804 365 879 ,partim
388 820 429 864 ex
450 803 633 880 priscorum
656 803 890 878 monumentis,
911 821 987 879 par-

229 884 286 944 tim
316 901 357 944 ex
385 884 509 944 relictis
540 893 573 944 et
603 883 774 944 semirosis
805 883 983 944 chartulis“

229 967 365 1024 haustae
380 964 428 1024 sic
439 973 614 1024 memorat:
631 964 686 1036 „In
699 981 819 1024 corona
833 963 983 1040 grauium
1049 975 1050 1008 l

230 1045 385 1120 virorum,
413 1045 440 1104 si
469 1044 541 1120 ipso
567 1054 740 1120 praesente
763 1044 907 1104 lorensia
929 1056 984 1104 aut

230 1126 393 1185 mundana
427 1125 643 1201 agitarentur,
678 1125 769 1185 velut
804 1133 914 1184 mutus
946 1142 984 1185 ac

229 1204 370 1282 elinguis
400 1205 552 1266 sedebat:
583 1223 645 1266 nec
676 1205 910 1281 respondebat,
941 1222 984 1265 ne

229 1295 359 1362 rogatus
381 1285 524 1362 quidem,
545 1285 608 1346 nisi
631 1285 750 1362 insigni
773 1285 912 1345 alicuius
935 1285 983 1346 rei

229 1366 458 1427 commoditate
481 1366 628 1442 illectus;
657 1365 749 1442 quasi
778 1365 912 1442 ignarus
935 1383 985 1426 re·

229 1464 312 1522 rum,
323 1447 363 1507 de
374 1447 814 1523 quibuscommentabantur,
825 1447 983 1507 omnium.

230 1528 332 1587 Porro
363 1527 391 1587 si
423 1527 463 1587 de
492 1528 562 1588 Deo
592 1528 758 1603 rebusque
786 1527 984 1588 caelestibus

229 1608 404 1668 haberetur
419 1624 538 1682 sermo,
560 1624 636 1667 mox
653 1607 836 1683 postulatus
851 1617 984 1667 senten·

228 1688 317 1763 tiam,
335 1688 426 1748 velut
447 1687 697 1763 limpidissimus
719 1687 793 1748 lons
814 1687 984 1764 perpetuis

229 1768 403 1828 verborum
430 1767 547 1828 riuulis
569 1768 752 1828 scaturiens
779 1770 985 1845 loquebatur,

229 1857 283 1908 aut
311 1848 419 1924 potius
441 1848 649 1925 profluebat.“
692 1851 762 1924 317,
782 1865 865 1908 a-n:
899 1849 984 1924 ,Sic,

229 1945 351 2005 quaeso
451 1929 638 1990 esurienti.“
683 1929 772 1989 Idem
795 1929 890 1989 lusus
911 1946 984 1990 ver·

228 2009 344 2069 borum
380 2009 463 2069 redit
500 2010 584 2086 apud
621 2009 829 2069 Franciscum
865 2007 984 2070 Tolen-

229 2106 299 2149 sem
322 2089 394 2149 1.1.:
418 2089 579 2161 ,Diuinus
602 2090 709 2150 cultus
731 2099 763 2150 et
779 2089 984 2150 Ecclesiasti-

229 2187 303 2229 cum
327 2169 428 2230 decus
449 2169 685 2230 incredibiliter
706 2169 795 2230 cordi
818 2178 850 2230 et
874 2170 984 2230 studio

228 2249 274 2309 illi
298 2258 375 2310 erat.
410 2249 503 2310 Adeo
519 2259 553 2310 vt
574 2251 677 2311 semel
700 2249 828 2310 cuidam
850 2249 985 2326 dicenti,

229 2329 332 2390 videri
367 2329 428 2390 sibi
465 2329 594 2390 felicem
625 2329 801 2406 Thomam,
837 2346 899 2391 nec
931 2331 985 2391 ad-

230 2410 401 2470 miratione
417 2409 550 2486 dignum
566 2427 773 2487 magnopere,
788 2419 876 2471 tanta
892 2411 985 2472 vocis

228 2490 403 2566 alacritate,
420 2490 519 2551 animi
535 2491 790 2567 promptitudine
805 2500 838 2551 et
852 2489 984 2567 pietate,

229 2571 315 2648 quod
339 2571 488 2631 Psalmos
510 2571 712 2632 decantaret:
734 2581 768 2632 vt
789 2571 842 2631 cui
865 2572 983 2647 psalmi

230 2651 379 2711 Dauidici
410 2651 575 2711 salmones
605 2651 721 2727 (genus
756 2660 806 2711 est
840 2651 983 2728 piscium

229 2731 510 2808 delicatissimum)
545 2741 713 2808 saperent,
755 2730 985 2793 incunctanter

229 2813 452 2887 responderet,
473 2811 517 2872 ita
539 2822 599 2888 est,
619 2811 666 2886 (vt
687 2811 748 2888 ais)
768 2813 838 2872 Deo
860 2813 982 2889 gratiae

230 2892 351 2952 Psalmi
362 2891 443 2952 mihi
454 2892 899 2969 salmones:quitamennon
910 2911 983 2954 raro
1049 2957 1050 2968 ,

229 2973 262 3032 in
285 2990 440 3033 nauseam
463 2982 495 3033 et
516 2981 672 3048 mortem,
694 2973 823 3050 quoties
845 2973 984 3050 ignauos

229 3053 276 3114 rei
299 3053 462 3130 praesenti
485 3070 551 3114 non
574 3053 735 3129 intentos,
764 3062 795 3113 et
817 3053 890 3114 voci
912 3072 984 3132 par·

229 3143 342 3194 centes
364 3133 542 3210 conspicio,
565 3138 818 3194 conuertuntur“
832 3138 850 3194 ¹.
881 3135 984 3195 Porro

233 3217 289 3274 129
303 3231 373 3291 sqq.
395 3214 476 3291 (cap.
499 3214 598 3291 XXI),
624 3213 752 3286 „tunica
774 3213 984 3275 inconsutilis

290 3470 299 3497 ¹
314 3467 395 3510 Eadem
411 3467 506 3508 narratio
522 3467 604 3510 lisdem
625 3479 693 3519 paene
713 3467 788 3509 verbis
804 3470 897 3521 repetita
911 3478 946 3512 est
961 3471 985 3511 in

229 3521 278 3563 Vita
292 3521 390 3563 Thomae
409 3521 436 3561 ab
451 3520 569 3562 Heriberto
586 3520 664 3562 Roswe
680 3521 709 3562 do
728 3523 871 3575 concinnata,
891 3524 985 3565 llntver-

230 3576 278 3625 piae
296 3574 346 3616 1617
360 3586 382 3626 p.
397 3575 449 3625 50⁰,
467 3573 515 3613 1621
532 3584 554 3624 p.
572 3574 617 3626 ll2,
635 3575 659 3616 16
701 3585 722 3625 p.
737 3575 785 3618 391.

583 3662 625 3704 Ἠ)
