2194 4180
237 606 345 666 Iesum
368 605 401 664 in
424 605 616 680 sepulchro,
647 614 682 665 ut
711 614 846 681 possent
874 621 992 665 secure

236 704 392 764 accedere
414 713 446 763 et
467 702 580 763 videre
602 704 812 778 sepulchrum
840 720 916 764 esse
938 721 993 764 va·

236 819 332 862 cuum
360 811 392 862 et
413 800 457 860 ibi
486 817 552 860 non
581 817 656 860 esse
679 800 805 878 lesum,
834 802 892 862 sed
921 819 993 862 sur-

236 899 372 961 rexisse.

212 1019 226 1058 5
277 999 386 1058 Laudo
409 1007 440 1057 et
462 996 635 1072 magnilica
666 997 772 1056 exalto
800 1007 850 1073 te,
878 1006 993 1074 poten-

236 1095 363 1156 tissime
379 1113 436 1156 rex
451 1107 575 1172 regum,
598 1094 740 1154 Domine
755 1095 830 1155 lesu
847 1095 993 1170 Christe,

235 1192 389 1269 princeps
431 1193 512 1253 caeli
559 1202 592 1253 et
632 1202 739 1253 terrae
778 1193 992 1270 omniumque

236 1308 345 1351 rerum
375 1291 524 1351 conditor
551 1290 635 1350 alme
664 1307 722 1366 pro
751 1291 831 1351 dura
852 1290 994 1351 debella·

236 1388 325 1449 tione
347 1388 467 1448 inferni
490 1399 522 1449 et
545 1388 620 1449 forti
642 1389 828 1466 alligatione
859 1390 992 1466 superbi

202 1499 227 1540 ιο
237 1487 364 1547 luciferi
377 1486 513 1563 proiecti
532 1486 565 1545 in
582 1496 730 1562 stagnum
747 1486 892 1546 ardentis
907 1485 992 1562 ignis

237 1595 270 1646 et
291 1585 445 1645 foetentis
467 1584 634 1661 sulphuris
656 1602 693 1644 ac
715 1585 807 1660 picis.

279 1681 388 1740 Laudo
411 1690 442 1741 et
463 1683 610 1759 glorifico
632 1692 664 1744 te
686 1701 744 1760 pro
774 1700 890 1760 magna
918 1685 994 1744 sub·

237 1779 401 1855 iugatione
416 1779 646 1841 daemoniacae
661 1780 828 1856 pravitatis
850 1791 882 1841 et
904 1791 994 1859 pote-

238 1875 330 1936 statis
352 1885 464 1936 contra
478 1895 583 1954 genus
598 1880 788 1953 humanum,
810 1895 852 1938 ne
867 1888 992 1940 tantum

204 1988 228 2029 15
238 1974 366 2033 valeant
387 1973 555 2050 malignari
577 1991 665 2034 nunc
685 1975 871 2051 daemones,
893 1992 995 2052 quan-

238 2080 306 2130 tum
329 2071 532 2148 desiderant,
561 2080 593 2132 et
622 2071 707 2132 sicut
729 2080 804 2132 ante
834 2081 922 2132 tuam
946 2072 994 2133 in·

238 2170 457 2231 carnationem
490 2180 522 2231 et
552 2170 738 2246 passionem
768 2167 889 2245 agitare
917 2186 994 2230 con-

238 2277 426 2328 sueverunt.
456 2268 586 2345 Quibus
601 2267 687 2328 iusto
698 2267 993 2328 iudicioredditum

238 2365 342 2425 estin
374 2375 470 2441 caput
497 2365 642 2442 ipsorum
674 2382 772 2425 omne
803 2365 992 2425 scandalum
1081 2439 1082 2442 Ἴ

200 2472 269 2522 aoet
291 2463 465 2523 consilium
489 2463 693 2539 ludaeorum,
715 2464 802 2540 quod
823 2463 880 2523 tibi
903 2481 995 2540 para-

237 2569 305 2619 tum
329 2559 390 2620 luit
410 2577 470 2636 per
484 2561 592 2621 crucis
607 2560 803 2637 supplicium
827 2559 861 2620 in
884 2561 993 2622 medio

237 2657 375 2716 duorum
398 2657 571 2719 latronum.

279 2755 317 2814 Et
338 2772 416 2815 ecce
438 2757 501 2816 iam
525 2756 696 2816 surrexisti
727 2766 758 2816 et
786 2755 992 2817 inlemorum

238 2870 373 2930 regnum
406 2854 575 2915 debellasti
607 2864 639 2914 et
675 2871 805 2914 omnem
837 2853 992 2915 virtutem

200 2967 227 3008 25
238 2951 480 3012 daemoniacam
496 2952 590 3028 signo
606 2962 737 3012 sanctae
752 2951 860 3012 crucis
875 2952 993 3012 elisisti

238 3057 270 3108 et
292 3049 478 3125 superbiam
502 3066 615 3109 eorum
638 3051 699 3109 sub
721 3050 859 3126 pedibus
888 3049 994 3110 humi·
1081 3071 1082 3080 ¹

237 3145 315 3205 lium
338 3163 508 3207 servorum
524 3156 654 3206 tuorum
670 3147 824 3222 stravisti,
846 3164 930 3224 quos
951 3148 992 3207 de

236 3245 357 3304 mundo
380 3244 517 3321 elegisti.
547 3244 643 3305 Nunc
659 3246 746 3305 enim
762 3262 878 3305 omnes
894 3245 993 3307 Chri·
1081 3253 1082 3332 j

237 3341 333 3401 stiani
368 3343 497 3402 nobiles
532 3351 564 3402 et
594 3343 745 3418 vulgares
779 3343 921 3418 gaudent
956 3359 993 3403 se

199 3439 330 3515 aosigno
353 3448 484 3499 sanctae
507 3439 615 3499 crucis
637 3438 785 3516 insigniri
811 3449 842 3499 et
863 3448 993 3516 portant

237 3535 316 3598 illud
332 3537 534 3597 confidenter
556 3537 588 3596 in
605 3537 766 3597 frontibus
782 3537 852 3597 suis
873 3537 913 3597 ad
936 3538 993 3597 ho·

595 3641 635 3683 220
