2152 4174
430 676 700 755 [cnrrrvcvru
724 674 838 751 vnn]

257 827 411 887 Deductro
422 826 552 886 Domana
562 827 632 886 lesu
642 825 789 886 obAnno
800 824 844 883 od
856 805 1067 899 Carpicum

310 924 504 984 sacerdotem
526 928 557 983 et
577 924 675 983 statio
697 923 765 982 cius
787 938 893 982 coram
915 937 960 981 eo.

257 1045 502 1266 &medico
525 1111 556 1161 et
570 1100 689 1177 gratias
705 1117 764 1177 ago
779 1098 848 1174 tibi,
871 1099 1010 1159 Domine
1066 1083 1067 1112 ¹

232 1235 245 1274 5
393 1200 467 1258 lesu
483 1198 635 1273 Christe,
656 1214 785 1258 summe
805 1197 958 1257 sacerdos
980 1205 1011 1256 et

254 1297 399 1373 pontiiex
414 1306 556 1372 aeterne,
571 1313 629 1372 pro
644 1305 699 1355 tua
713 1295 901 1371 despectiva
916 1295 1011 1355 educ-

253 1395 341 1455 tione
363 1396 402 1455 ab
417 1393 532 1455 Annae
554 1394 649 1454 domo
665 1410 770 1470 usque
785 1393 824 1453 ad
840 1393 1010 1469 Caipham,

253 1493 432 1569 principem
469 1491 693 1566 sacerdotum,
729 1489 783 1550 ubi
820 1491 947 1551 scribae
979 1501 1009 1550 et
1066 1551 1067 1572 χ

252 1590 401 1651 seniores
416 1590 454 1649 ad
471 1589 684 1666 confingenda
699 1587 839 1664 maligna
854 1598 967 1648 contra
979 1599 1008 1649 te

219 1714 242 1755 m
253 1687 389 1748 consilia
410 1696 639 1748 convenerant.
670 1687 743 1746 Heu
766 1703 862 1762 quam
885 1686 1008 1747 infelici
1066 1755 1067 1762 ἵ

251 1786 367 1862 gaudio
390 1795 466 1845 sunt
493 1783 622 1860 repleti,
651 1801 725 1843 cum
747 1792 779 1843 te
802 1783 947 1844 vinctum
971 1785 1009 1844 ad

252 1899 288 1942 se
316 1881 399 1942 trahi
429 1881 673 1957 conspicerent,
704 1897 801 1956 quem
831 1881 885 1941 diu
915 1891 1010 1942 antea

251 1997 387 2056 corpore
416 1996 532 2055 capere
561 1977 785 2038 desiderantes
806 1988 920 2038 tenere
942 1996 1007 2039 non
1066 1977 1067 1984 ’

250 2086 408 2155 poterant,
430 2077 505 2153 quia
526 2076 670 2136 nondum
686 2085 820 2135 venerat
842 2078 922 2136 hora
943 2086 1008 2138 tua.

215 2195 239 2236 rs
251 2175 314 2236 Sed
346 2176 426 2235 haec
458 2183 507 2233 est
538 2174 617 2233 hora
650 2190 762 2233 eorum
799 2182 831 2233 et
862 2182 1008 2249 potestas

248 2273 454 2332 tenebrarum
484 2290 502 2332 a
532 2272 601 2331 Deo
631 2270 826 2347 permissive
854 2270 903 2330 eis
931 2289 1007 2333 con·

248 2387 351 2445 cessa,
373 2379 407 2429 ut
429 2369 584 2445 impleant
607 2368 716 2429 odium
740 2368 835 2444 longo
857 2377 1007 2445 tempore

247 2477 439 2543 conceptum
456 2477 488 2528 et
503 2467 713 2526 inveteratam
725 2465 879 2526 malitiam
893 2478 1006 2543 aperte
1066 2509 1067 2556 ι

246 2565 308 2625 iam
325 2565 363 2624 ad
380 2564 532 2625 effectum
545 2564 723 2640 perducant
735 2563 792 2623 tibi
808 2563 847 2623 ad
857 2563 1006 2639 gloriam,
1066 2563 1067 2656 l

209 2684 235 2724 ao
247 2661 397 2722 fidelibus
415 2662 453 2722 ad
476 2663 624 2737 salutem,
646 2660 824 2721 incredulis
840 2670 948 2721 autem
966 2663 1006 2722 ad

245 2777 383 2836 poenam
406 2769 580 2821 aeternam.

287 2855 394 2915 Laudo
417 2864 449 2915 et
470 2856 615 2932 glorilico
638 2866 687 2931 te,
714 2856 894 2916 reverende
918 2857 1067 2934 lesui
1066 2847 1067 2858 ’

244 2971 302 3029 pro
324 2954 509 3014 verecunda
538 2953 676 3014 statione
704 2963 759 3013 tua
785 2971 892 3013 coram
917 2954 1005 3031 prin·

244 3051 316 3126 cipe
347 3050 550 3112 sacerdotum
587 3062 619 3112 et
654 3051 781 3112 cunctis
815 3051 1004 3113 senioribus
1066 3097 1067 3102 ι

207 3148 354 3224 aspopuli
383 3158 470 3208 tuam
501 3148 671 3210 amabilem
704 3148 819 3209 faciem
849 3159 1003 3224 proterve

244 3246 493 3323 aspicientibus,
525 3247 578 3307 ubi
604 3266 622 3306 a
644 3246 830 3307 falsissimis
861 3247 1003 3308 testibus
1066 3261 1067 3294 ι

242 3344 384 3420 graviter
402 3354 574 3405 accusatus
593 3362 680 3420 es,a
662 3361 829 3405 asummo
845 3345 1002 3420 pontifice

243 3441 354 3503 multis
398 3442 605 3503 sermonibus
642 3442 859 3519 interrogatus
902 3452 1001 3521 atque
1066 3515 1067 3522 ἵ

243 3539 388 3600 districte
410 3540 575 3600 adiuratus
596 3557 654 3615 pro
677 3539 893 3615 responsione
917 3541 1002 3600 veri·

606 3644 632 3685 ro
