2142 4172
212 621 329 674 xerunt
344 621 377 673 et
390 621 590 672 vocaverunt
604 620 636 672 te
647 612 786 673 diversis
799 621 832 672 et
846 613 970 673 sanctis

212 711 400 772 nominibus
411 710 592 770 secundum
604 709 701 771 iidem
717 718 750 770 et
759 710 969 770 devotionem

212 825 315 884 suam,
337 808 515 884 etquidem
537 808 622 868 iuste
637 816 670 868 et
684 808 768 867 bene
786 809 968 868 secundum

212 905 411 966 ineffabilem
434 905 622 982 dignitatem
640 914 739 981 tuam,
760 921 844 981 quae
859 913 969 965 tamen
1061 893 1062 896 '

188 1004 308 1081 slonge
321 1004 448 1064 excedit
463 1003 570 1063 omnis
585 1012 752 1064 creaturae
764 1001 968 1062 altitudinem
1061 997 1062 1042 l

212 1109 245 1161 et
265 1102 393 1162 laudem
423 1111 519 1178 atque
542 1118 639 1161 omne
661 1117 781 1161 nomen
804 1099 970 1176 dignitatis

212 1199 245 1258 in
275 1199 366 1258 caelo
395 1208 427 1259 et
456 1198 489 1257 in
516 1207 610 1258 terra.
654 1197 795 1274 Quidam
818 1197 971 1258 dixerunt

212 1296 252 1356 ad
274 1306 305 1356 te
327 1298 465 1357 orando:
488 1296 650 1356 Miserere
671 1295 748 1370 mei,
770 1295 845 1356 lesu
865 1295 969 1355 Naza-

213 1410 302 1469 rene,
324 1394 471 1470 quidam:
501 1393 559 1454 Fili
583 1392 698 1468 David,
722 1393 869 1469 quidam:
898 1393 970 1452 Ma·

179 1490 313 1568 rogister
333 1492 418 1552 bone
448 1501 480 1551 et
502 1490 660 1565 Domine,
688 1490 836 1566 quidam:
866 1490 968 1550 Rabbi

213 1597 267 1647 aut
290 1588 446 1663 Rabboni,
467 1588 615 1664 quidam:
639 1588 834 1664 Praeceptor
853 1596 886 1647 et
906 1588 970 1647 sal·

212 1694 304 1745 vator
324 1685 447 1760 mundi,
468 1685 615 1761 quidam:
646 1685 808 1760 Propheta
831 1701 970 1762 magnus

212 1790 245 1842 et
266 1799 323 1842 rex
345 1782 462 1857 Israel,
487 1782 634 1859 quidam:
664 1783 747 1843 Ecce
769 1799 872 1858 agnus
895 1782 970 1858 Dei,

213 1879 298 1940 sicut
320 1880 482 1940 Iohannes
505 1879 660 1956 Baptista,
684 1880 832 1956 quidam:
860 1878 908 1940 Tu
931 1897 970 1941 es

179 1976 300 2044 15lilius
332 1977 411 2052 Dei,
441 1986 476 2038 ut
507 1978 705 2052 Nathanaei,
735 1977 882 2054 quidam:
917 1978 970 2038 In·
1061 2057 1062 2060 Ἴ

212 2074 364 2135 venimus
386 2075 561 2152 Messiam,
583 2085 618 2136 ut
638 2074 798 2150 Andreas,
819 2075 968 2152 quidam:
1061 2073 1062 2096 ¹

211 2170 259 2232 Tu
282 2189 318 2232 es
334 2171 500 2248 Christus,
522 2172 608 2232 iilius
627 2172 689 2232 Dei
704 2171 781 2247 vivi,
802 2180 838 2232 ut
853 2171 968 2233 Simon

213 2269 330 2330 Petrus
359 2279 391 2329 et
418 2270 471 2330 alii
494 2269 630 2346 apostoli
652 2286 711 2346 per
732 2270 966 2331 revelationem

213 2367 318 2427 Patris
349 2367 510 2428 caelestis
558 2367 597 2427 Et
627 2377 662 2427 ut
697 2367 806 2428 omnia
837 2369 967 2430 divinae

174 2465 443 2526 annominationis
471 2466 628 2526 vocabula
655 2474 688 2524 et
716 2475 846 2525 sanctae
874 2483 966 2541 prae-

211 2562 382 2623 dicationis
403 2563 502 2622 verba
529 2561 673 2638 perfecte
702 2560 734 2621 in
764 2579 864 2622 unum
894 2563 966 2623 bre-

210 2660 294 2720 viter
315 2679 351 2720 ac
374 2660 513 2721 lideliter
527 2660 762 2721 concludantur
782 2669 814 2719 et
830 2659 966 2720 tirmiter

210 2759 393 2834 credantur,
410 2768 542 2819 sanctus
557 2757 699 2819 Thomas
715 2756 836 2832 Spiritu
851 2767 964 2818 sancto

209 2856 410 2916 illuminatus
439 2866 470 2917 et
498 2857 594 2933 plene
623 2857 801 2916 instructus
830 2864 965 2933 etate,

173 2955 368 3031 asDomine,
397 2963 570 3031 praesente
599 2952 809 3014 confirmatus
837 2952 870 3012 in
900 2953 963 3014 lide

209 3052 253 3111 ait
274 3061 383 3129 aperte
399 3061 431 3112 et
446 3051 647 3112 confidenter
661 3051 701 3110 ad
720 3060 762 3126 te,
785 3050 962 3112 Dominum

208 3158 373 3224 nostrum,
397 3149 483 3209 clara
504 3165 601 3209 voce:
632 3148 793 3208 Dominus
815 3165 909 3209 meus
931 3160 964 3210 et

210 3246 301 3305 Deus
328 3263 432 3306 meus.
475 3247 512 3307 In
541 3246 660 3322 quibus
681 3245 791 3306 verbis
817 3262 964 3322 compre·

208 3342 321 3402 hendit
342 3343 485 3404 breviter
506 3343 631 3418 omnia,
659 3358 742 3418 quae
765 3344 805 3404 de
831 3353 862 3403 te
883 3361 963 3405 vere

171 3440 270 3504 aodici
300 3451 332 3501 et
361 3442 447 3502 credi
477 3441 658 3502 secundum
685 3441 826 3501 divinam
850 3450 882 3501 et
904 3442 963 3502 hu·

208 3554 335 3597 manarn
351 3548 497 3599 naturam
513 3548 651 3616 possunt
666 3540 705 3600 ad
722 3539 851 3599 laudem
873 3549 962 3602 tuam

561 3641 602 3685 aaa
