<?xml version="1.0" encoding="UTF-8"?>
<!DOCTYPE html PUBLIC "-//W3C//DTD XHTML 1.0 Transitional//EN"
    "http://www.w3.org/TR/xhtml1/DTD/xhtml1-transitional.dtd">
<html xmlns="http://www.w3.org/1999/xhtml" xml:lang="en" lang="en">
 <head>
  <title>
</title>
<meta http-equiv="Content-Type" content="text/html;charset=utf-8" />
  <meta name='ocr-system' content='tesseract 3.04.00' />
  <meta name='ocr-capabilities' content='ocr_page ocr_carea ocr_par ocr_line ocrx_word'/>
</head>
<body>
  <div class='ocr_page' id='page_1' title='image "./thomaehemerkena02pohlgoog_0136.png"; bbox 0 0 2152 4174; ppageno 0'>
   <div class='ocr_carea' id='block_1_1' title="bbox 84 437 829 547">
    <p class='ocr_par' dir='ltr' id='par_1_1' title="bbox 84 437 829 547">
     <span class='ocr_line' id='line_1_1' title="bbox 84 437 829 547; baseline 0.004 -3"><span class='ocrx_word' id='word_1_1' title='bbox 84 437 829 547; x_wconf 42' lang='lat' dir='ltr'><strong>monam</strong></span> 
     </span>
    </p>
   </div>
   <div class='ocr_carea' id='block_1_2' title="bbox 10 623 868 3536">
    <p class='ocr_par' dir='ltr' id='par_1_2' title="bbox 75 623 868 2853">
     <span class='ocr_line' id='line_1_2' title="bbox 116 623 831 701; baseline 0.003 -17"><span class='ocrx_word' id='word_1_2' title='bbox 116 623 218 684; x_wconf 86' lang='lat' dir='ltr'><strong>Stude</strong></span> <span class='ocrx_word' id='word_1_3' title='bbox 233 623 342 700; x_wconf 85' lang='lat' dir='ltr'><strong>itaque</strong></span> <span class='ocrx_word' id='word_1_4' title='bbox 359 626 508 701; x_wconf 87' lang='lat' dir='ltr'><strong>exemplo</strong></span> <span class='ocrx_word' id='word_1_5' title='bbox 524 625 682 688; x_wconf 83' lang='lat' dir='ltr'><strong>Crucifixi</strong></span> <span class='ocrx_word' id='word_1_6' title='bbox 703 625 831 686; x_wconf 84' lang='lat' dir='ltr'><strong>abicere</strong></span> 
     </span>
     <span class='ocr_line' id='line_1_3' title="bbox 77 721 832 784; baseline 0.005 -4"><span class='ocrx_word' id='word_1_7' title='bbox 77 721 237 781; x_wconf 81' lang='lat' dir='ltr'>sarcinam</span> <span class='ocrx_word' id='word_1_8' title='bbox 266 730 471 782; x_wconf 87' lang='lat' dir='ltr'><strong>terrenorum</strong></span> <span class='ocrx_word' id='word_1_9' title='bbox 500 732 532 783; x_wconf 89' lang='lat' dir='ltr'><strong>et</strong></span> <span class='ocrx_word' id='word_1_10' title='bbox 560 725 600 784; x_wconf 85' lang='lat' dir='ltr'><strong>ab</strong></span> <span class='ocrx_word' id='word_1_11' title='bbox 621 722 710 784; x_wconf 94' lang='lat' dir='ltr'><strong>omni</strong></span> <span class='ocrx_word' id='word_1_12' title='bbox 732 740 832 784; x_wconf 92' lang='lat' dir='ltr'><strong>nocu-</strong></span> 
     </span>
     <span class='ocr_line' id='line_1_4' title="bbox 78 818 831 886; baseline 0.008 -9"><span class='ocrx_word' id='word_1_13' title='bbox 78 827 185 878; x_wconf 91' lang='lat' dir='ltr'><strong>mento</strong></span> <span class='ocrx_word' id='word_1_14' title='bbox 208 818 376 879; x_wconf 91' lang='lat' dir='ltr'><strong>interioris</strong></span> <span class='ocrx_word' id='word_1_15' title='bbox 398 820 556 882; x_wconf 82' lang='lat' dir='ltr'>libertatis</span> <span class='ocrx_word' id='word_1_16' title='bbox 584 839 641 882; x_wconf 88' lang='lat' dir='ltr'><strong>cor</strong></span> <span class='ocrx_word' id='word_1_17' title='bbox 664 831 755 886; x_wconf 92' lang='lat' dir='ltr'><strong>tuum</strong></span> <span class='ocrx_word' id='word_1_18' title='bbox 777 840 831 883; x_wconf 87' lang='lat' dir='ltr'><strong>ex·</strong></span> 
     </span>
     <span class='ocr_line' id='line_1_5' title="bbox 77 917 831 996; baseline 0.007 -21"><span class='ocrx_word' id='word_1_19' title='bbox 77 917 215 992; x_wconf 84' lang='lat' dir='ltr'><strong>trahere,</strong></span> <span class='ocrx_word' id='word_1_20' title='bbox 236 917 276 976; x_wconf 87' lang='lat' dir='ltr'><strong>ab</strong></span> <span class='ocrx_word' id='word_1_21' title='bbox 298 917 495 995; x_wconf 92' lang='lat' dir='ltr'><strong>imaginibus</strong></span> <span class='ocrx_word' id='word_1_22' title='bbox 515 920 705 996; x_wconf 79' lang='lat' dir='ltr'>passionum</span> <span class='ocrx_word' id='word_1_23' title='bbox 728 929 760 981; x_wconf 89' lang='lat' dir='ltr'><strong>et</strong></span> <span class='ocrx_word' id='word_1_24' title='bbox 777 938 831 980; x_wconf 93' lang='lat' dir='ltr'><strong>cu·</strong></span> 
     </span>
     <span class='ocr_line' id='line_1_6' title="bbox 77 1014 854 1092; baseline 0.009 -20"><span class='ocrx_word' id='word_1_25' title='bbox 77 1030 182 1074; x_wconf 89' lang='lat' dir='ltr'><strong>rarum</strong></span> <span class='ocrx_word' id='word_1_26' title='bbox 205 1014 350 1091; x_wconf 87' lang='lat' dir='ltr'><strong>elongari</strong></span> <span class='ocrx_word' id='word_1_27' title='bbox 373 1025 405 1076; x_wconf 91' lang='lat' dir='ltr'><strong>et</strong></span> <span class='ocrx_word' id='word_1_28' title='bbox 426 1016 460 1077; x_wconf 93' lang='lat' dir='ltr'><strong>in</strong></span> <span class='ocrx_word' id='word_1_29' title='bbox 479 1034 561 1092; x_wconf 88' lang='lat' dir='ltr'><strong>pura</strong></span> <span class='ocrx_word' id='word_1_30' title='bbox 581 1018 726 1079; x_wconf 87' lang='lat' dir='ltr'><strong>nuditate</strong></span> <span class='ocrx_word' id='word_1_31' title='bbox 748 1018 854 1079; x_wconf 85' lang='lat' dir='ltr'><strong>veri-s</strong></span> 
     </span>
     <span class='ocr_line' id='line_1_7' title="bbox 77 1112 830 1191; baseline 0.007 -19"><span class='ocrx_word' id='word_1_32' title='bbox 77 1112 149 1172; x_wconf 88' lang='lat' dir='ltr'><strong>tatis</strong></span> <span class='ocrx_word' id='word_1_33' title='bbox 178 1114 385 1191; x_wconf 88' lang='lat' dir='ltr'><strong>conversari,</strong></span> <span class='ocrx_word' id='word_1_34' title='bbox 414 1125 448 1177; x_wconf 94' lang='lat' dir='ltr'><strong>ut</strong></span> <span class='ocrx_word' id='word_1_35' title='bbox 476 1117 599 1176; x_wconf 93' lang='lat' dir='ltr'><strong>nudum</strong></span> <span class='ocrx_word' id='word_1_36' title='bbox 628 1116 830 1178; x_wconf 79' lang='lat' dir='ltr'><strong>crucifixum</strong></span> 
     </span>
     <span class='ocr_line' id='line_1_8' title="bbox 77 1209 832 1290; baseline 0.007 -21"><span class='ocrx_word' id='word_1_37' title='bbox 77 1209 270 1287; x_wconf 86' lang='lat' dir='ltr'><strong>simpliciter</strong></span> <span class='ocrx_word' id='word_1_38' title='bbox 300 1219 332 1272; x_wconf 91' lang='lat' dir='ltr'><strong>et</strong></span> <span class='ocrx_word' id='word_1_39' title='bbox 362 1212 449 1272; x_wconf 89' lang='lat' dir='ltr'><strong>nude</strong></span> <span class='ocrx_word' id='word_1_40' title='bbox 479 1214 590 1274; x_wconf 85' lang='lat' dir='ltr'><strong>valeas</strong></span> <span class='ocrx_word' id='word_1_41' title='bbox 624 1213 742 1274; x_wconf 87' lang='lat' dir='ltr'><strong>imitari</strong></span> <span class='ocrx_word' id='word_1_42' title='bbox 774 1231 832 1290; x_wconf 91' lang='lat' dir='ltr'><strong>per</strong></span> 
     </span>
     <span class='ocr_line' id='line_1_9' title="bbox 77 1308 831 1384; baseline 0.003 -16"><span class='ocrx_word' id='word_1_43' title='bbox 77 1317 298 1384; x_wconf 91' lang='lat' dir='ltr'><strong>contemptum</strong></span> <span class='ocrx_word' id='word_1_44' title='bbox 329 1308 376 1369; x_wconf 92' lang='lat' dir='ltr'><strong>tui</strong></span> <span class='ocrx_word' id='word_1_45' title='bbox 408 1318 440 1369; x_wconf 89' lang='lat' dir='ltr'><strong>et</strong></span> <span class='ocrx_word' id='word_1_46' title='bbox 471 1310 617 1372; x_wconf 91' lang='lat' dir='ltr'><strong>omnium</strong></span> <span class='ocrx_word' id='word_1_47' title='bbox 654 1311 831 1372; x_wconf 86' lang='lat' dir='ltr'><strong>labentium</strong></span> 
     </span>
     <span class='ocr_line' id='line_1_10' title="bbox 75 1405 831 1483; baseline 0.004 -18"><span class='ocrx_word' id='word_1_48' title='bbox 75 1405 283 1466; x_wconf 86' lang='lat' dir='ltr'><strong>materiarum</strong></span> <span class='ocrx_word' id='word_1_49' title='bbox 319 1415 352 1466; x_wconf 91' lang='lat' dir='ltr'><strong>et</strong></span> <span class='ocrx_word' id='word_1_50' title='bbox 386 1415 504 1483; x_wconf 90' lang='lat' dir='ltr'><strong>potens</strong></span> <span class='ocrx_word' id='word_1_51' title='bbox 535 1408 594 1468; x_wconf 82' lang='lat' dir='ltr'><strong>iias</strong></span> <span class='ocrx_word' id='word_1_52' title='bbox 625 1425 662 1468; x_wconf 89' lang='lat' dir='ltr'><strong>ac</strong></span> <span class='ocrx_word' id='word_1_53' title='bbox 693 1409 831 1469; x_wconf 91' lang='lat' dir='ltr'><strong>idoneus</strong></span> 
     </span>
     <span class='ocr_line' id='line_1_11' title="bbox 76 1502 868 1581; baseline 0.008 -20"><span class='ocrx_word' id='word_1_54' title='bbox 76 1502 183 1563; x_wconf 88' lang='lat' dir='ltr'><strong>crucis</strong></span> <span class='ocrx_word' id='word_1_55' title='bbox 205 1519 362 1564; x_wconf 82' lang='lat' dir='ltr'><strong>ascensor</strong></span> <span class='ocrx_word' id='word_1_56' title='bbox 383 1503 580 1581; x_wconf 82' lang='lat' dir='ltr'><strong>ignominias</strong></span> <span class='ocrx_word' id='word_1_57' title='bbox 609 1515 641 1566; x_wconf 91' lang='lat' dir='ltr'><strong>et</strong></span> <span class='ocrx_word' id='word_1_58' title='bbox 662 1506 868 1567; x_wconf 86' lang='lat' dir='ltr'><strong>detractio-1⁰</strong></span> 
     </span>
     <span class='ocr_line' id='line_1_12' title="bbox 75 1599 831 1680; baseline 0.005 -20"><span class='ocrx_word' id='word_1_59' title='bbox 75 1617 134 1660; x_wconf 90' lang='lat' dir='ltr'><strong>nes</strong></span> <span class='ocrx_word' id='word_1_60' title='bbox 162 1599 334 1662; x_wconf 89' lang='lat' dir='ltr'><strong>hominum</strong></span> <span class='ocrx_word' id='word_1_61' title='bbox 367 1601 502 1663; x_wconf 82' lang='lat' dir='ltr'><strong>ferendo</strong></span> <span class='ocrx_word' id='word_1_62' title='bbox 532 1613 666 1680; x_wconf 88' lang='lat' dir='ltr'><strong>propter</strong></span> <span class='ocrx_word' id='word_1_63' title='bbox 695 1603 831 1680; x_wconf 91' lang='lat' dir='ltr'><strong>ignitum</strong></span> 
     </span>
     <span class='ocr_line' id='line_1_13' title="bbox 75 1698 832 1777; baseline 0.003 -19"><span class='ocrx_word' id='word_1_64' title='bbox 75 1715 221 1760; x_wconf 90' lang='lat' dir='ltr'><strong>amorem</strong></span> <span class='ocrx_word' id='word_1_65' title='bbox 243 1698 330 1775; x_wconf 84' lang='lat' dir='ltr'><strong>passi</strong></span> <span class='ocrx_word' id='word_1_66' title='bbox 354 1701 580 1777; x_wconf 85' lang='lat' dir='ltr'><strong>redemptoris.</strong></span> <span class='ocrx_word' id='word_1_67' title='bbox 615 1700 664 1761; x_wconf 89' lang='lat' dir='ltr'><strong>De</strong></span> <span class='ocrx_word' id='word_1_68' title='bbox 686 1709 741 1761; x_wconf 90' lang='lat' dir='ltr'><strong>tua</strong></span> <span class='ocrx_word' id='word_1_69' title='bbox 762 1701 832 1762; x_wconf 90' lang='lat' dir='ltr'><strong>vili-</strong></span> 
     </span>
     <span class='ocr_line' id='line_1_14' title="bbox 76 1797 833 1875; baseline 0.004 -19"><span class='ocrx_word' id='word_1_70' title='bbox 76 1797 236 1873; x_wconf 91' lang='lat' dir='ltr'><strong>pensione</strong></span> <span class='ocrx_word' id='word_1_71' title='bbox 262 1806 295 1858; x_wconf 90' lang='lat' dir='ltr'><strong>et</strong></span> <span class='ocrx_word' id='word_1_72' title='bbox 317 1798 534 1859; x_wconf 81' lang='lat' dir='ltr'><strong>minoratione</strong></span> <span class='ocrx_word' id='word_1_73' title='bbox 563 1798 653 1859; x_wconf 91' lang='lat' dir='ltr'><strong>disce</strong></span> <span class='ocrx_word' id='word_1_74' title='bbox 681 1800 833 1875; x_wconf 84' lang='lat' dir='ltr'><strong>gaudere,</strong></span> 
     </span>
     <span class='ocr_line' id='line_1_15' title="bbox 76 1895 832 1959; baseline 0.004 -5"><span class='ocrx_word' id='word_1_75' title='bbox 76 1895 114 1954; x_wconf 91' lang='lat' dir='ltr'><strong>de</strong></span> <span class='ocrx_word' id='word_1_76' title='bbox 136 1895 372 1958; x_wconf 85' lang='lat' dir='ltr'><strong>commissione</strong></span> <span class='ocrx_word' id='word_1_77' title='bbox 394 1896 542 1956; x_wconf 85' lang='lat' dir='ltr'><strong>ioreiacti</strong></span> <span class='ocrx_word' id='word_1_78' title='bbox 565 1897 699 1957; x_wconf 85' lang='lat' dir='ltr'><strong>alterius</strong></span> <span class='ocrx_word' id='word_1_79' title='bbox 714 1896 832 1959; x_wconf 87' lang='lat' dir='ltr'><strong>contri·</strong></span> 
     </span>
     <span class='ocr_line' id='line_1_16' title="bbox 76 1992 868 2070; baseline 0.004 -18"><span class='ocrx_word' id='word_1_80' title='bbox 76 2001 161 2053; x_wconf 88' lang='lat' dir='ltr'><strong>stare</strong></span> <span class='ocrx_word' id='word_1_81' title='bbox 176 1992 281 2069; x_wconf 87' lang='lat' dir='ltr'><strong>magis</strong></span> <span class='ocrx_word' id='word_1_82' title='bbox 296 2005 329 2055; x_wconf 91' lang='lat' dir='ltr'><strong>et</strong></span> <span class='ocrx_word' id='word_1_83' title='bbox 343 2011 409 2070; x_wconf 89' lang='lat' dir='ltr'><strong>ora,</strong></span> <span class='ocrx_word' id='word_1_84' title='bbox 431 2003 467 2054; x_wconf 92' lang='lat' dir='ltr'><strong>ut</strong></span> <span class='ocrx_word' id='word_1_85' title='bbox 485 1995 702 2056; x_wconf 89' lang='lat' dir='ltr'><strong>emendentur</strong></span> <span class='ocrx_word' id='word_1_86' title='bbox 717 2011 832 2055; x_wconf 92' lang='lat' dir='ltr'><strong>omnes</strong></span> <span class='ocrx_word' id='word_1_87' title='bbox 843 2007 868 2048; x_wconf 82' lang='lat'><strong>1⁵</strong></span> 
     </span>
     <span class='ocr_line' id='line_1_17' title="bbox 76 2090 832 2169; baseline 0.001 -18"><span class='ocrx_word' id='word_1_88' title='bbox 76 2090 107 2150; x_wconf 93' lang='lat' dir='ltr'><strong>in</strong></span> <span class='ocrx_word' id='word_1_89' title='bbox 123 2091 255 2152; x_wconf 91' lang='lat' dir='ltr'><strong>melius.</strong></span> <span class='ocrx_word' id='word_1_90' title='bbox 276 2091 322 2152; x_wconf 90' lang='lat' dir='ltr'><strong>Te</strong></span> <span class='ocrx_word' id='word_1_91' title='bbox 338 2092 470 2169; x_wconf 94' lang='lat' dir='ltr'><strong>dignum</strong></span> <span class='ocrx_word' id='word_1_92' title='bbox 484 2092 621 2153; x_wconf 87' lang='lat' dir='ltr'><strong>aestima</strong></span> <span class='ocrx_word' id='word_1_93' title='bbox 633 2101 832 2168; x_wconf 84' lang='lat' dir='ltr'><strong>contemptu,</strong></span> 
     </span>
     <span class='ocr_line' id='line_1_18' title="bbox 77 2187 831 2266; baseline 0.004 -18"><span class='ocrx_word' id='word_1_94' title='bbox 77 2187 350 2250; x_wconf 88' lang='lat' dir='ltr'><strong>contrariantibus</strong></span> <span class='ocrx_word' id='word_1_95' title='bbox 386 2189 446 2250; x_wconf 91' lang='lat' dir='ltr'><strong>tibi</strong></span> <span class='ocrx_word' id='word_1_96' title='bbox 481 2199 555 2266; x_wconf 87' lang='lat' dir='ltr'><strong>opta</strong></span> <span class='ocrx_word' id='word_1_97' title='bbox 590 2191 738 2251; x_wconf 87' lang='lat' dir='ltr'><strong>salutem.</strong></span> <span class='ocrx_word' id='word_1_98' title='bbox 795 2189 831 2251; x_wconf 94' lang='lat' dir='ltr'><strong>In</strong></span> 
     </span>
     <span class='ocr_line' id='line_1_19' title="bbox 77 2286 832 2364; baseline 0.003 -18"><span class='ocrx_word' id='word_1_99' title='bbox 77 2286 266 2348; x_wconf 92' lang='lat' dir='ltr'><strong>hominibus</strong></span> <span class='ocrx_word' id='word_1_100' title='bbox 288 2304 353 2348; x_wconf 92' lang='lat' dir='ltr'><strong>non</strong></span> <span class='ocrx_word' id='word_1_101' title='bbox 375 2289 529 2364; x_wconf 88' lang='lat' dir='ltr'><strong>grandem</strong></span> <span class='ocrx_word' id='word_1_102' title='bbox 548 2297 654 2348; x_wconf 88' lang='lat' dir='ltr'><strong>statue</strong></span> <span class='ocrx_word' id='word_1_103' title='bbox 670 2288 832 2362; x_wconf 86' lang='lat' dir='ltr'><strong>fiduciam,</strong></span> 
     </span>
     <span class='ocr_line' id='line_1_20' title="bbox 77 2384 830 2462; baseline 0.003 -18"><span class='ocrx_word' id='word_1_104' title='bbox 77 2385 169 2459; x_wconf 87' lang='lat' dir='ltr'><strong>pauci</strong></span> <span class='ocrx_word' id='word_1_105' title='bbox 200 2384 315 2445; x_wconf 85' lang='lat' dir='ltr'><strong>fideles</strong></span> <span class='ocrx_word' id='word_1_106' title='bbox 344 2385 377 2445; x_wconf 94' lang='lat' dir='ltr'><strong>in</strong></span> <span class='ocrx_word' id='word_1_107' title='bbox 405 2386 674 2462; x_wconf 90' lang='lat' dir='ltr'><strong>necessitatibus,</strong></span> <span class='ocrx_word' id='word_1_108' title='bbox 705 2395 737 2448; x_wconf 89' lang='lat' dir='ltr'><strong>et</strong></span> <span class='ocrx_word' id='word_1_109' title='bbox 768 2387 830 2447; x_wconf 87' lang='lat' dir='ltr'><strong>rari</strong></span> 
     </span>
     <span class='ocr_line' id='line_1_21' title="bbox 76 2482 868 2561; baseline -0.003 -20"><span class='ocrx_word' id='word_1_110' title='bbox 76 2482 170 2544; x_wconf 90' lang='lat' dir='ltr'><strong>amici</strong></span> <span class='ocrx_word' id='word_1_111' title='bbox 187 2482 332 2543; x_wconf 84' lang='lat' dir='ltr'><strong>stabiles.</strong></span> <span class='ocrx_word' id='word_1_112' title='bbox 368 2483 438 2543; x_wconf 89' lang='lat' dir='ltr'><strong>Nec</strong></span> <span class='ocrx_word' id='word_1_113' title='bbox 460 2482 579 2544; x_wconf 91' lang='lat' dir='ltr'><strong>mirum</strong></span> <span class='ocrx_word' id='word_1_114' title='bbox 601 2484 634 2544; x_wconf 95' lang='lat' dir='ltr'><strong>id</strong></span> <span class='ocrx_word' id='word_1_115' title='bbox 655 2502 717 2545; x_wconf 92' lang='lat' dir='ltr'><strong>nec</strong></span> <span class='ocrx_word' id='word_1_116' title='bbox 733 2497 868 2561; x_wconf 77' lang='lat' dir='ltr'><strong>gravem</strong></span> 
     </span>
     <span class='ocr_line' id='line_1_22' title="bbox 75 2579 831 2656; baseline 0.004 -17"><span class='ocrx_word' id='word_1_117' title='bbox 75 2579 131 2640; x_wconf 90' lang='lat' dir='ltr'><strong>tibi</strong></span> <span class='ocrx_word' id='word_1_118' title='bbox 154 2579 207 2640; x_wconf 93' lang='lat' dir='ltr'><strong>sit.</strong></span> <span class='ocrx_word' id='word_1_119' title='bbox 241 2579 401 2656; x_wconf 83' lang='lat' dir='ltr'><strong>Expertus</strong></span> <span class='ocrx_word' id='word_1_120' title='bbox 416 2589 466 2640; x_wconf 91' lang='lat' dir='ltr'><strong>est</strong></span> <span class='ocrx_word' id='word_1_121' title='bbox 482 2580 637 2642; x_wconf 90' lang='lat' dir='ltr'><strong>Christus</strong></span> <span class='ocrx_word' id='word_1_122' title='bbox 652 2581 831 2642; x_wconf 89' lang='lat' dir='ltr'><strong>amicorum</strong></span> 
     </span>
     <span class='ocr_line' id='line_1_23' title="bbox 75 2677 831 2755; baseline 0.004 -19"><span class='ocrx_word' id='word_1_123' title='bbox 75 2677 269 2738; x_wconf 86' lang='lat' dir='ltr'><strong>abstantiam</strong></span> <span class='ocrx_word' id='word_1_124' title='bbox 291 2687 323 2737; x_wconf 92' lang='lat' dir='ltr'><strong>et</strong></span> <span class='ocrx_word' id='word_1_125' title='bbox 345 2677 552 2739; x_wconf 90' lang='lat' dir='ltr'><strong>inimicorum</strong></span> <span class='ocrx_word' id='word_1_126' title='bbox 579 2679 831 2755; x_wconf 88' lang='lat' dir='ltr'><strong>multitudinem,</strong></span> 
     </span>
     <span class='ocr_line' id='line_1_24' title="bbox 75 2775 831 2853; baseline 0.001 -18"><span class='ocrx_word' id='word_1_127' title='bbox 75 2775 129 2852; x_wconf 89' lang='lat' dir='ltr'><strong>qui</strong></span> <span class='ocrx_word' id='word_1_128' title='bbox 144 2784 256 2835; x_wconf 84' lang='lat' dir='ltr'><strong>tamen</strong></span> <span class='ocrx_word' id='word_1_129' title='bbox 272 2791 403 2851; x_wconf 84' lang='lat' dir='ltr'><strong>semper</strong></span> <span class='ocrx_word' id='word_1_130' title='bbox 419 2775 600 2852; x_wconf 83' lang='lat' dir='ltr'><strong>benefecit3</strong></span> <span class='ocrx_word' id='word_1_131' title='bbox 622 2777 679 2836; x_wconf 92' lang='lat' dir='ltr'><strong>sed</strong></span> <span class='ocrx_word' id='word_1_132' title='bbox 701 2776 831 2853; x_wconf 87' lang='lat' dir='ltr'><strong>ingrati-</strong></span> 
     </span>
    </p>

    <p class='ocr_par' dir='ltr' id='par_1_3' title="bbox 10 2873 868 3536">
     <span class='ocr_line' id='line_1_25' title="bbox 10 2873 830 2950; baseline 0.005 -18"><span class='ocrx_word' id='word_1_133' title='bbox 10 2935 11 2948; x_wconf 18' lang='lat'><em>*</em></span> <span class='ocrx_word' id='word_1_134' title='bbox 75 2874 223 2934; x_wconf 88' lang='lat' dir='ltr'><strong>tudinem</strong></span> <span class='ocrx_word' id='word_1_135' title='bbox 259 2890 407 2950; x_wconf 87' lang='lat' dir='ltr'><strong>magnam</strong></span> <span class='ocrx_word' id='word_1_136' title='bbox 439 2873 571 2950; x_wconf 91' lang='lat' dir='ltr'><strong>recepit.</strong></span> <span class='ocrx_word' id='word_1_137' title='bbox 617 2873 767 2936; x_wconf 85' lang='lat' dir='ltr'><strong>Confide·</strong></span> <span class='ocrx_word' id='word_1_138' title='bbox 798 2875 830 2936; x_wconf 94' lang='lat' dir='ltr'><strong>in</strong></span> 
     </span>
     <span class='ocr_line' id='line_1_26' title="bbox 77 2970 868 3050; baseline 0 -20"><span class='ocrx_word' id='word_1_139' title='bbox 77 2970 256 3046; x_wconf 87' lang='lat' dir='ltr'><strong>Crucifixo‚</strong></span> <span class='ocrx_word' id='word_1_140' title='bbox 280 2971 414 3032; x_wconf 91' lang='lat' dir='ltr'><strong>ductore</strong></span> <span class='ocrx_word' id='word_1_141' title='bbox 439 2981 471 3031; x_wconf 89' lang='lat' dir='ltr'><strong>et</strong></span> <span class='ocrx_word' id='word_1_142' title='bbox 491 2973 707 3048; x_wconf 88' lang='lat' dir='ltr'><strong>gubernatore</strong></span> <span class='ocrx_word' id='word_1_143' title='bbox 729 2973 868 3050; x_wconf 81' lang='lat' dir='ltr'><strong>bono;as</strong></span> 
     </span>
     <span class='ocr_line' id='line_1_27' title="bbox 76 3068 832 3145; baseline 0.001 -17"><span class='ocrx_word' id='word_1_144' title='bbox 76 3083 232 3143; x_wconf 89' lang='lat' dir='ltr'><strong>permane</strong></span> <span class='ocrx_word' id='word_1_145' title='bbox 262 3085 335 3129; x_wconf 92' lang='lat' dir='ltr'><strong>cum</strong></span> <span class='ocrx_word' id='word_1_146' title='bbox 364 3068 436 3145; x_wconf 92' lang='lat' dir='ltr'><strong>ipso</strong></span> <span class='ocrx_word' id='word_1_147' title='bbox 465 3068 498 3129; x_wconf 91' lang='lat' dir='ltr'><strong>in</strong></span> <span class='ocrx_word' id='word_1_148' title='bbox 527 3086 624 3129; x_wconf 89' lang='lat' dir='ltr'><strong>cruce</strong></span> <span class='ocrx_word' id='word_1_149' title='bbox 654 3069 832 3130; x_wconf 90' lang='lat' dir='ltr'><strong>etiam.tri-</strong></span> 
     </span>
     <span class='ocr_line' id='line_1_28' title="bbox 75 3164 830 3243; baseline 0.004 -20"><span class='ocrx_word' id='word_1_150' title='bbox 75 3164 251 3226; x_wconf 89' lang='lat' dir='ltr'><strong>bulationis</strong></span> <span class='ocrx_word' id='word_1_151' title='bbox 272 3174 420 3243; x_wconf 91' lang='lat' dir='ltr'><strong>tempore</strong></span> <span class='ocrx_word' id='word_1_152' title='bbox 445 3177 477 3227; x_wconf 87' lang='lat' dir='ltr'><strong>et</strong></span> <span class='ocrx_word' id='word_1_153' title='bbox 506 3167 668 3228; x_wconf 90' lang='lat' dir='ltr'><strong>obtinebis</strong></span> <span class='ocrx_word' id='word_1_154' title='bbox 696 3167 830 3243; x_wconf 87' lang='lat' dir='ltr'><strong>gratiam</strong></span> 
     </span>
     <span class='ocr_line' id='line_1_29' title="bbox 77 3263 832 3343; baseline 0.007 -22"><span class='ocrx_word' id='word_1_155' title='bbox 77 3271 108 3322; x_wconf 90' lang='lat' dir='ltr'><strong>et</strong></span> <span class='ocrx_word' id='word_1_156' title='bbox 143 3263 283 3339; x_wconf 85' lang='lat' dir='ltr'><strong>palmam</strong></span> <span class='ocrx_word' id='word_1_157' title='bbox 320 3264 478 3325; x_wconf 89' lang='lat' dir='ltr'><strong>adversus</strong></span> <span class='ocrx_word' id='word_1_158' title='bbox 513 3282 629 3325; x_wconf 88' lang='lat' dir='ltr'><strong>omnes</strong></span> <span class='ocrx_word' id='word_1_159' title='bbox 659 3274 691 3326; x_wconf 92' lang='lat' dir='ltr'><strong>te</strong></span> <span class='ocrx_word' id='word_1_160' title='bbox 726 3266 832 3343; x_wconf 92' lang='lat' dir='ltr'><strong>depri-</strong></span> 
     </span>
     <span class='ocr_line' id='line_1_30' title="bbox 78 3361 831 3439; baseline 0.003 -19"><span class='ocrx_word' id='word_1_161' title='bbox 78 3371 214 3422; x_wconf 84' lang='lat' dir='ltr'><strong>mentes.</strong></span> <span class='ocrx_word' id='word_1_162' title='bbox 254 3361 336 3422; x_wconf 90' lang='lat' dir='ltr'><strong>Para</strong></span> <span class='ocrx_word' id='word_1_163' title='bbox 351 3371 458 3422; x_wconf 90' lang='lat' dir='ltr'><strong>autem</strong></span> <span class='ocrx_word' id='word_1_164' title='bbox 479 3362 525 3422; x_wconf 93' lang='lat' dir='ltr'><strong>illi</strong></span> <span class='ocrx_word' id='word_1_165' title='bbox 541 3363 649 3422; x_wconf 91' lang='lat' dir='ltr'><strong>locum</strong></span> <span class='ocrx_word' id='word_1_166' title='bbox 665 3373 697 3423; x_wconf 90' lang='lat' dir='ltr'><strong>et</strong></span> <span class='ocrx_word' id='word_1_167' title='bbox 711 3363 831 3439; x_wconf 88' lang='lat' dir='ltr'><strong>gratiae</strong></span> 
     </span>
     <span class='ocr_line' id='line_1_31' title="bbox 79 3458 868 3536; baseline 0.003 -18"><span class='ocrx_word' id='word_1_168' title='bbox 79 3458 138 3519; x_wconf 87' lang='lat' dir='ltr'><strong>Dei</strong></span> <span class='ocrx_word' id='word_1_169' title='bbox 161 3459 248 3520; x_wconf 88' lang='lat' dir='ltr'><strong>viam</strong></span> <span class='ocrx_word' id='word_1_170' title='bbox 278 3459 366 3536; x_wconf 87' lang='lat' dir='ltr'><strong>aperi</strong></span> <span class='ocrx_word' id='word_1_171' title='bbox 396 3476 469 3519; x_wconf 91' lang='lat' dir='ltr'><strong>cum</strong></span> <span class='ocrx_word' id='word_1_172' title='bbox 499 3460 681 3520; x_wconf 89' lang='lat' dir='ltr'><strong>humilitate</strong></span> <span class='ocrx_word' id='word_1_173' title='bbox 703 3468 735 3520; x_wconf 89' lang='lat' dir='ltr'><strong>et</strong></span> <span class='ocrx_word' id='word_1_174' title='bbox 757 3477 868 3520; x_wconf 80' lang='lat' dir='ltr'><strong>con-so</strong></span> 
     </span>
    </p>
   </div>
   <div class='ocr_carea' id='block_1_3' title="bbox 79 3556 832 3704">
    <p class='ocr_par' dir='ltr' id='par_1_4' title="bbox 79 3556 832 3704">
     <span class='ocr_line' id='line_1_32' title="bbox 79 3556 832 3634; baseline 0.004 -20"><span class='ocrx_word' id='word_1_175' title='bbox 79 3556 207 3618; x_wconf 92' lang='lat' dir='ltr'><strong>tritione</strong></span> <span class='ocrx_word' id='word_1_176' title='bbox 230 3557 357 3633; x_wconf 89' lang='lat' dir='ltr'><strong>devota,</strong></span> <span class='ocrx_word' id='word_1_177' title='bbox 382 3566 416 3617; x_wconf 91' lang='lat' dir='ltr'><strong>ut</strong></span> <span class='ocrx_word' id='word_1_178' title='bbox 437 3558 477 3617; x_wconf 92' lang='lat' dir='ltr'><strong>de</strong></span> <span class='ocrx_word' id='word_1_179' title='bbox 499 3557 615 3634; x_wconf 91' lang='lat' dir='ltr'><strong>poenis</strong></span> <span class='ocrx_word' id='word_1_180' title='bbox 637 3565 669 3618; x_wconf 90' lang='lat' dir='ltr'><strong>et</strong></span> <span class='ocrx_word' id='word_1_181' title='bbox 690 3557 832 3618; x_wconf 90' lang='lat' dir='ltr'><strong>vulneri·</strong></span> 
     </span>
     <span class='ocr_line' id='line_1_33' title="bbox 440 3661 477 3704; baseline 0.054 -2"><span class='ocrx_word' id='word_1_182' title='bbox 440 3661 477 3704; x_wconf 88' lang='lat' dir='ltr'><strong>m</strong></span> 
     </span>
    </p>
   </div>
   <div class='ocr_carea' id='block_1_4' title="bbox 0 0 1081 4174">
    <p class='ocr_par' dir='ltr' id='par_1_5' title="bbox 0 0 1081 4174">
     <span class='ocr_line' id='line_1_34' title="bbox 0 0 1081 4174; baseline 0 0"><span class='ocrx_word' id='word_1_183' title='bbox 0 0 1081 4174; x_wconf 95' lang='lat' dir='ltr'><strong> </strong></span> 
     </span>
    </p>
   </div>
  </div>
 </body>
</html>
