2142 4172
85 678 122 739 lit
143 678 215 739 sine
238 695 351 753 causa,
380 679 438 738 sed
466 677 559 738 multi
582 695 681 754 opera
702 688 756 739 tua
777 697 843 740 non

85 776 226 852 capiunt.
256 776 331 835 Non
354 793 431 853 ergo
454 793 530 835 casu
554 774 686 836 fortuito
708 777 770 837 hoc
793 795 843 837 ac·

86 873 175 948 cidit,
197 882 232 932 ut
248 871 389 933 Thomas
411 873 551 947 abesset,
572 873 701 949 quando
723 874 842 934 venisti

84 980 119 1030 et
140 970 295 1047 apostolis
317 969 511 1046 apparuisti,
540 970 598 1029 sed
621 970 842 1046 dispensative

84 1086 126 1129 ex
155 1077 242 1129 certa
268 1069 472 1145 providentia
499 1078 555 1129 tua
582 1069 614 1129 id
643 1069 696 1145 pie
725 1068 866 1144 fecistis

83 1175 120 1227 ut
143 1168 243 1227 multa
273 1169 357 1227 bona
380 1167 456 1227 inde
481 1176 707 1244 sequerentur.
749 1167 842 1226 Vnus

84 1283 163 1343 ergo
198 1265 371 1341 dubitavit,
406 1276 441 1327 ut
476 1266 568 1326 multi
605 1266 638 1325 in
673 1265 736 1325 lide
767 1263 842 1324 soli-

83 1364 248 1424 darentur.
290 1365 384 1424 Vnus
406 1363 525 1424 erravit
547 1373 578 1423 et
604 1362 784 1423 instructus
805 1378 841 1421 se

83 1460 280 1535 emendavit,
302 1471 337 1521 ut
351 1461 608 1521 innumerabiles
623 1477 664 1520 ex
678 1460 750 1520 eius
766 1476 841 1519 con·

82 1559 237 1620 versione
271 1568 303 1619 et
333 1560 574 1635 praedicatione
609 1560 648 1619 ad
683 1559 839 1619 maiorem
853 1572 877 1614 ιο

83 1656 303 1734 cognitionem
326 1657 472 1718 veritatis
500 1658 730 1735 pertingerent.
774 1656 839 1733 Qui

83 1754 173 1814 enim
193 1754 326 1829 dubitat,
347 1754 575 1833 interrogando
591 1755 728 1831 proiicit,
749 1756 840 1815 dum·

83 1852 181 1911 modo
202 1852 236 1911 in
259 1852 458 1913 dubitatione
479 1870 545 1913 non
562 1862 760 1929 permaneat,
782 1854 839 1913 sed

84 1960 271 2010 sanctorum
294 1949 389 2010 dictis
411 1951 606 2027 acquiescat.

126 2048 230 2108 Multa
244 2059 321 2109 sunt
330 2067 429 2126 supra
441 2067 575 2109 sensum
587 2049 741 2125 hominis,
756 2067 839 2127 quae
851 2063 882 2106 rs.

83 2155 216 2223 propter
236 2148 439 2208 altitudinem
463 2147 563 2208 divini
586 2147 773 2208 intellectus
795 2148 839 2208 ia·

85 2243 148 2303 cile
164 2261 228 2304 non
245 2255 368 2321 queunt
379 2246 448 2322 capi
465 2247 503 2306 ab
514 2244 712 2305 hominibus.
733 2246 839 2305 Nemo

84 2359 162 2419 ergo
185 2343 336 2419 desperet
357 2353 531 2420 temptatus
553 2343 586 2402 in
610 2343 683 2418 lide,
707 2343 766 2403 sed
788 2342 840 2402 fir·

83 2439 182 2500 miter
201 2441 358 2501 innitatur
378 2441 488 2502 verbis
516 2457 628 2501 sacrae
650 2441 839 2516 scripturae.

85 2539 177 2598 Deus
208 2539 295 2599 enim
327 2540 458 2617 reliquit
485 2539 580 2599 nobis
610 2556 739 2598 causam
767 2554 876 2615 spe-ao

83 2637 203 2696 randae
225 2637 339 2697 salutis
361 2638 462 2697 multa
483 2638 631 2713 exempla
653 2647 838 2697 sanctorum

82 2750 341 2812 magnorumque
372 2736 558 2810 doctorum,
590 2735 644 2812 qui
677 2735 773 2795 etiam
805 2735 838 2794 in

82 2831 196 2891 multis
217 2833 462 2908 dubitaverunt,
491 2833 549 2893 sed
571 2849 607 2892 se
628 2831 746 2892 iterum
769 2850 839 2893 cor·

82 2940 239 2990 rexerunt
266 2940 298 2991 et
325 2932 365 2991 ad
394 2930 564 2993 Christum
595 2929 733 2990 fideliter
764 2948 838 2991 con-

82 3037 357 3105 verteruntatque
368 3029 479 3089 multis
490 3028 876 3104 multumproiuerunt.2s

82 3125 252 3202 Benignus
277 3135 327 3186 est
349 3125 511 3185 Dominus
534 3126 644 3200 lesus,
672 3126 837 3186 neminem

81 3224 217 3301 spernit,
239 3224 404 3284 neminem
421 3224 559 3300 repellit,
581 3232 613 3283 et
631 3223 685 3300 qui
702 3224 741 3283 ad
763 3241 837 3284 eum

80 3339 156 3381 cum
186 3321 325 3397 simplici
356 3322 454 3381 corde
478 3320 618 3396 accedit,
647 3320 680 3379 in
703 3321 838 3381 veritate

80 3420 229 3481 eruditur
249 3422 288 3479 ab
311 3420 382 3497 ipso
405 3429 436 3480 et
458 3436 523 3479 non
544 3413 713 3495 decipitur.
744 3419 837 3496 Quae

81 3528 189 3578 autem
212 3518 275 3577 alta
297 3526 389 3592 sunt,
415 3516 476 3592 ipsi
500 3517 731 3577 committenda
752 3524 874 3590 sunt,so

80 3615 136 3692 qui
148 3615 257 3675 omnia
268 3614 393 3675 occulta
409 3615 494 3674 clare
506 3614 672 3690 cognoscit
687 3623 719 3674 et
730 3614 838 3691 ignota

442 3717 482 3760 287
