2118 4180
95 419 489 528 {itamar
513 417 822 528 &effi

89 622 122 665 ex
140 614 223 682 parte
251 623 325 665 mea
353 606 461 667 omnis
489 607 570 667 haec
592 605 828 666 iucundissima

88 703 181 763 contio
209 703 360 764 caelestis
389 705 480 764 aulae
511 721 585 764 cum
618 704 829 766 devotissima

88 809 114 859 et
126 801 411 877 acceptabilissima
425 802 618 863 salutatione
633 812 665 863 te
678 804 828 877 salutent,

88 899 203 959 laudent
224 908 256 960 et
277 899 495 960 honorificent
516 900 550 959 in
572 901 712 962 saecula.

119 996 240 1058 Cuncta
285 1013 416 1074 quoque
460 998 626 1073 praeclara
652 997 829 1058 -desideria
851 1017 864 1058 5

86 1103 257 1155 sanctorum
286 1104 318 1154 et
347 1095 456 1155 omnia
481 1094 638 1156 melliflua
659 1096 827 1156 doctorum

85 1193 210 1269 eloquia,
224 1192 373 1269 singulae
388 1193 526 1253 virtutes
543 1202 576 1253 et
590 1192 736 1252 actiones
757 1210 829 1269 per·

85 1287 269 1351 lectissimae
292 1290 326 1350 in
347 1291 394 1351 tui
416 1291 560 1352 nominis
579 1292 737 1352 honorem
754 1307 829 1367 ope·

84 1397 159 1448 ratae
189 1406 262 1449 cum
294 1389 472 1449 universali
506 1398 726 1449 creaturarum
762 1404 829 1447 me·

84 1485 158 1545 lodie
171 1487 302 1546 laudent
317 1496 349 1547 te
365 1496 397 1547 et
411 1488 655 1564 superexaltent
669 1485 828 1545 altissimo
841 1507 864 1547 ra

84 1585 178 1660 modo,
199 1601 263 1661 quo
285 1595 440 1661 possunt,
468 1594 559 1646 tuum
584 1584 827 1646 sanctissimum

84 1680 200 1742 deitatis
228 1699 348 1742 nomen
377 1682 602 1744 benedicendo
630 1682 664 1741 in
689 1682 828 1742 saecula.

84 1777 197 1840 Omnes
219 1780 322 1840 sancti
346 1790 379 1841 et
399 1781 494 1840 electi
519 1779 583 1855 tui,
612 1795 749 1855 quorum
772 1795 828 1838 no·

19 1865 20 1872 ἵ
83 1876 160 1938 mina
180 1879 301 1956 scripta
322 1888 398 1939 sunt
419 1879 453 1938 in
475 1879 557 1939 libro
579 1877 675 1954 vitae,
697 1879 828 1940 laudent

83 1982 109 2034 te
134 1984 164 2035 et
190 1975 372 2052 glorificent
403 1977 497 2036 laude
528 1986 700 2052 perpetua:
732 1986 864 2053 atquers

83 2088 132 2146 pro
160 2083 366 2150 peccatorum
400 2091 548 2134 meorum
584 2076 680 2151 plena
715 2074 829 2134 remis·

82 2169 181 2246 sione,
211 2189 270 2248 pro
301 2171 386 2232 bona
416 2181 520 2232 morte
552 2181 583 2232 et
613 2171 700 2231 lelici
730 2171 828 2246 exitu,

83 2284 132 2342 pro
153 2269 306 2331 evasione
323 2279 475 2330 aeternae
491 2269 708 2330 damnationis
723 2277 755 2328 et
769 2285 827 2343 pro

83 2367 280 2442 perceptione
309 2365 461 2426 caelestis
489 2365 610 2442 gloriae
639 2375 671 2426 te
693 2374 829 2425 exorent

82 2462 216 2540 mihique
238 2471 357 2523 statum
380 2472 531 2523 aeternae
553 2464 668 2524 salutis
690 2463 774 2539 apud
795 2471 863 2530 tea,

82 2558 244 2636 impetrare
266 2569 462 2621 mereantur.
505 2559 622 2621 Amen.

277 2779 546 2856 [enprrvnvm
572 2780 623 2856 n]

81 2901 182 2964 Oratio
203 2905 244 2964 de
265 2905 425 2964 creatione
435 2904 533 2980 primi
548 2904 686 2963 hominis
707 2904 827 2963 eteius

300 3001 474 3061 miserabili
496 3002 599 3076 lapsu.

80 3094 318 3316 &medico
340 3162 371 3212 et
392 3152 511 3229 gratias
532 3169 591 3229 ago
613 3153 688 3227 tibi,
716 3161 862 3218 sanctazs

200 3248 341 3310 Trinitas
377 3260 408 3310 et
444 3250 669 3326 inseparabilis
702 3250 827 3326 Unitas,

82 3347 167 3408 Pater
188 3357 222 3408 et
244 3347 344 3407 Filius
367 3358 398 3408 et
414 3347 554 3425 Spiritus
576 3355 719 3421 sanctuS,
741 3363 826 3406 unus

80 3459 169 3503 verus
195 3445 286 3503 Deus
315 3445 539 3520 omnipotens,
569 3444 623 3521 qui
653 3443 693 3502 ad
722 3443 826 3503 decla-

81 3543 207 3602 randum
238 3541 391 3603 bonitatis
424 3551 498 3602 tuae
534 3539 732 3601 ineffabilem
765 3541 827 3600 lar·

440 3645 453 3687 r
