2144 4168
395 479 560 534 Epllegomena.

98 627 220 688 simas“
237 646 256 688 a
271 629 448 690 Sommalio
472 631 750 692 contionatoribus
767 649 854 692 com-

98 709 247 768 mendari
269 709 403 786 legisset
424 711 495 786 (cir.
510 711 560 766 ‘n
578 729 629 788 pp.
644 715 700 772 144
722 721 754 772 et
772 713 853 789 617).

162 788 199 849 In
230 806 294 866 qua
329 790 385 850 lite
418 801 526 852 utrum
560 792 663 868 Puyol
699 809 739 852 an
771 793 853 853 Pohl

99 869 224 929 rectius
246 870 450 947 iudicaverit,
472 873 587 948 edepol
610 873 670 932 viri
693 873 854 948 politioris

98 949 180 1009 artis
202 950 333 1011 criticae
355 952 450 1027 periti
473 952 623 1013 viderint.

99 1185 146 1254 C.
179 1185 511 1254 SVBSIDIORVM
542 1184 853 1255 CRITICORVM

145 1291 454 1376 AESTIMATIO,
486 1291 808 1377 DIIVDICATIO,

410 1400 542 1468 VSVS.

120 1579 145 1640 1.
175 1577 444 1640 AESTIMATIO
469 1578 520 1639 ET
543 1578 833 1640 DIIVDICATIO.

162 1729 280 1791 Omnis
298 1729 531 1805 subsidiorum,
553 1747 636 1806 quae
659 1728 752 1790 initio
775 1746 853 1789 enu-

98 1810 242 1886 meravi,
273 1810 432 1871 memoria
460 1810 565 1870 divisa
594 1820 643 1871 est
672 1809 705 1869 in
733 1826 854 1886 genera

98 1891 175 1965 duo,
197 1907 336 1967 quorum
360 1890 468 1966 unius,
490 1891 576 1967 quod
599 1890 693 1951 litera
713 1891 744 1944 Α
766 1900 853 1965 noto,

97 1980 177 2031 Sllsst
199 1987 234 2037 aa
254 1973 284 2038 ba
304 1974 338 2038 da
358 1987 388 2038 e,
410 1971 439 2038 fa
466 1986 499 2038 lla
518 1973 552 2038 ha
571 1973 596 2037 ia
616 1971 650 2036 k,
670 1971 693 2037 la
713 1985 760 2037 ma
780 1985 808 2036 ⁸9
828 1976 853 2035 ta

95 2067 135 2118 u,
154 2067 185 2118 o,
204 2067 241 2117 ao,
259 2066 295 2118 a,
316 2051 468 2126 alterius,
490 2050 576 2127 quod
599 2049 692 2110 litera
713 2051 746 2104 B
766 2059 854 2125 noto,

96 2148 128 2197 ⁰9
147 2131 209 2198 *m
228 2131 286 2197 *θ’
306 2130 365 2199 *μ
385 2131 443 2198 *ὦ
463 2129 520 2198 *γ’
540 2129 593 2197 *κ’
616 2129 678 2206 *al‚
700 2129 767 2205 *ω’
789 2129 853 2205 *cl'

95 2211 167 2286 ⁸d¹,
182 2211 249 2287 'e¹,
264 2212 296 2285 (ι’
301 2213 333 2286 ¹).
364 2211 490 2271 Horum
507 2220 616 2271 utrum
632 2210 694 2271 utri
710 2209 852 2271 bonitate

96 2300 252 2368 praestet,
274 2292 465 2368 priusquam
488 2290 703 2368 inquiramus,
725 2290 765 2350 de
788 2290 853 2350 sin-

95 2372 184 2448 gulis
206 2389 309 2448 pauca
330 2371 488 2448 quaedam
511 2387 726 2447 praemonere
748 2371 852 2431 liceat.

159 2501 184 2540 a
205 2489 270 2546 eth
290 2487 431 2561 codices,
453 2503 536 2563 quos
552 2486 752 2547 Fridericum
769 2485 853 2545 Leit-

96 2567 204 2626 schuh
228 2576 362 2626 secutus
384 2567 515 2627 saeculo
532 2567 591 2628 XV
607 2565 738 2626 exeunti
755 2583 853 2642 supra

96 2665 129 2723 p.
150 2649 211 2706 363
225 2664 273 2724 sq.
296 2647 442 2722 attribui,
473 2647 559 2707 haud
591 2647 659 2706 scio
688 2663 729 2706 an
751 2647 851 2722 priori

96 2726 222 2787 saeculi
246 2727 320 2788 XVI
351 2727 503 2788 dimidiae
534 2727 615 2803 parti
647 2727 769 2787 rectius
800 2727 853 2786 ad·

96 2807 289 2884 signentur3
333 2825 429 2885 quam
475 2807 669 2867 sententiam
714 2807 852 2868 Ioannes

98 2887 255 2963 Fischer,
290 2888 345 2965 qui
380 2905 468 2947 nunc
506 2887 721 2947 bibliothecae
758 2888 853 2947 Bam·

96 2968 251 3044 bergensi
288 2977 436 3044 praeest,
478 2968 617 3044 epistula
654 2968 706 3027 his
742 2967 852 3027 Idibus

96 3047 259 3124 Augustis
281 3049 319 3108 ad
342 3066 394 3109 me
417 3047 654 3108 humanissime
677 3048 749 3108 data
763 3048 852 3108 vide-

96 3138 153 3188 tur
173 3128 320 3204 probare.
360 3128 426 3206 Qui
450 3128 581 3188 codices
603 3127 664 3188 etsi
687 3144 851 3188 consensu

98 3218 132 3269 et
154 3208 331 3269 lectionum
361 3219 393 3270 et
420 3211 609 3269 lacunarum
638 3208 724 3268 inter
752 3209 853 3268 sesi·

98 3288 228 3349 millimi
251 3299 343 3366 sunt,
374 3298 525 3349 neutrum
555 3299 663 3349 tamen
692 3305 711 3348 e
738 3297 853 3348 natura

99 3379 313 3446 utrarumque
348 3379 480 3446 apparet
515 3369 554 3428 ab
585 3369 686 3428 altero
717 3368 852 3429 fluxisse

98 3467 208 3527 posse.
251 3450 363 3528 Quare
393 3450 564 3527 utriusque
596 3449 719 3509 fontem
750 3449 852 3510 luisse

97 3547 256 3608 perquam
286 3530 366 3589 mihi
391 3531 557 3606 probabile
580 3539 629 3590 est
651 3529 768 3589 librum
791 3531 852 3589 sub

456 3644 497 3686 ³97
