<?xml version="1.0" encoding="UTF-8"?>
<!DOCTYPE html PUBLIC "-//W3C//DTD XHTML 1.0 Transitional//EN"
    "http://www.w3.org/TR/xhtml1/DTD/xhtml1-transitional.dtd">
<html xmlns="http://www.w3.org/1999/xhtml" xml:lang="en" lang="en">
 <head>
  <title>
</title>
<meta http-equiv="Content-Type" content="text/html;charset=utf-8" />
  <meta name='ocr-system' content='tesseract 3.04.00' />
  <meta name='ocr-capabilities' content='ocr_page ocr_carea ocr_par ocr_line ocrx_word'/>
</head>
<body>
  <div class='ocr_page' id='page_1' title='image "./thomaehemerkena02pohlgoog_0410.png"; bbox 0 0 2144 4168; ppageno 0'>
   <div class='ocr_carea' id='block_1_1' title="bbox 394 510 559 564">
    <p class='ocr_par' dir='ltr' id='par_1_1' title="bbox 394 510 559 564">
     <span class='ocr_line' id='line_1_1' title="bbox 394 510 559 564; baseline 0.012 -12"><span class='ocrx_word' id='word_1_1' title='bbox 394 510 559 564; x_wconf 80' lang='lat' dir='ltr'>Epilegoment.</span> 
     </span>
    </p>
   </div>
   <div class='ocr_carea' id='block_1_2' title="bbox 95 661 853 1140">
    <p class='ocr_par' dir='ltr' id='par_1_2' title="bbox 95 661 853 1140">
     <span class='ocr_line' id='line_1_2' title="bbox 96 661 853 738; baseline 0 -16"><span class='ocrx_word' id='word_1_2' title='bbox 96 661 213 722; x_wconf 88' lang='lat' dir='ltr'>illaesa</span> <span class='ocrx_word' id='word_1_3' title='bbox 234 665 427 721; x_wconf 86' lang='lat' dir='ltr'>remanens“</span> <span class='ocrx_word' id='word_1_4' title='bbox 450 661 532 737; x_wconf 83' lang='lat'>(130,</span> <span class='ocrx_word' id='word_1_5' title='bbox 545 662 571 738; x_wconf 84' lang='lat'>5)</span> <span class='ocrx_word' id='word_1_6' title='bbox 592 661 636 721; x_wconf 91' lang='lat' dir='ltr'>ita</span> <span class='ocrx_word' id='word_1_7' title='bbox 652 661 778 738; x_wconf 85' lang='lat' dir='ltr'><strong>expieta</strong></span> <span class='ocrx_word' id='word_1_8' title='bbox 793 671 853 737; x_wconf 87' lang='lat' dir='ltr'>est,</span> 
     </span>
     <span class='ocr_line' id='line_1_3' title="bbox 97 741 853 818; baseline 0.001 -16"><span class='ocrx_word' id='word_1_9' title='bbox 97 751 134 802; x_wconf 96' lang='lat' dir='ltr'>ut</span> <span class='ocrx_word' id='word_1_10' title='bbox 163 742 258 802; x_wconf 87' lang='lat' dir='ltr'>iacile</span> <span class='ocrx_word' id='word_1_11' title='bbox 287 742 401 801; x_wconf 86' lang='lat' dir='ltr'>credas</span> <span class='ocrx_word' id='word_1_12' title='bbox 425 742 607 818; x_wconf 91' lang='lat' dir='ltr'>Rosweydo</span> <span class='ocrx_word' id='word_1_13' title='bbox 636 742 655 801; x_wconf 92' lang='lat' dir='ltr'>l.</span> <span class='ocrx_word' id='word_1_14' title='bbox 678 741 697 802; x_wconf 92' lang='lat'>1.</span> <span class='ocrx_word' id='word_1_15' title='bbox 719 759 749 818; x_wconf 91' lang='lat' dir='ltr'>p.</span> <span class='ocrx_word' id='word_1_16' title='bbox 771 746 853 803; x_wconf 85' lang='lat'><strong>508¹</strong></span> 
     </span>
     <span class='ocr_line' id='line_1_4' title="bbox 97 820 852 898; baseline 0.001 -16"><span class='ocrx_word' id='word_1_17' title='bbox 97 825 180 882; x_wconf 85' lang='lat' dir='ltr'>haec</span> <span class='ocrx_word' id='word_1_18' title='bbox 202 822 361 882; x_wconf 90' lang='lat' dir='ltr'>narranti:</span> <span class='ocrx_word' id='word_1_19' title='bbox 386 820 545 894; x_wconf 81' lang='lat' dir='ltr'>„Thomas</span> <span class='ocrx_word' id='word_1_20' title='bbox 567 822 637 898; x_wconf 92' lang='lat' dir='ltr'>ipse</span> <span class='ocrx_word' id='word_1_21' title='bbox 657 821 796 884; x_wconf 84' lang='lat' dir='ltr'>affirmat</span> <span class='ocrx_word' id='word_1_22' title='bbox 816 840 852 883; x_wconf 92' lang='lat' dir='ltr'>se</span> 
     </span>
     <span class='ocr_line' id='line_1_5' title="bbox 96 901 852 980; baseline 0.001 -18"><span class='ocrx_word' id='word_1_23' title='bbox 96 903 283 980; x_wconf 87' lang='lat' dir='ltr'>aliquando,</span> <span class='ocrx_word' id='word_1_24' title='bbox 304 902 401 962; x_wconf 93' lang='lat' dir='ltr'>venia</span> <span class='ocrx_word' id='word_1_25' title='bbox 422 920 440 962; x_wconf 91' lang='lat' dir='ltr'>a</span> <span class='ocrx_word' id='word_1_26' title='bbox 460 901 690 978; x_wconf 88' lang='lat' dir='ltr'>Superioribus</span> <span class='ocrx_word' id='word_1_27' title='bbox 712 903 852 980; x_wconf 88' lang='lat' dir='ltr'>obtenta,</span> 
     </span>
     <span class='ocr_line' id='line_1_6' title="bbox 95 981 852 1060; baseline 0.003 -18"><span class='ocrx_word' id='word_1_28' title='bbox 95 983 250 1044; x_wconf 85' lang='lat' dir='ltr'>visitasse</span> <span class='ocrx_word' id='word_1_29' title='bbox 267 982 434 1060; x_wconf 83' lang='lat' dir='ltr'>Reliquias</span> <span class='ocrx_word' id='word_1_30' title='bbox 456 982 513 1043; x_wconf 90' lang='lat' dir='ltr'>SS.</span> <span class='ocrx_word' id='word_1_31' title='bbox 529 999 613 1059; x_wconf 91' lang='lat' dir='ltr'>quae</span> <span class='ocrx_word' id='word_1_32' title='bbox 627 981 781 1043; x_wconf 87' lang='lat' dir='ltr'>Treueris</span> <span class='ocrx_word' id='word_1_33' title='bbox 803 1001 852 1044; x_wconf 90' lang='lat' dir='ltr'>as-</span> 
     </span>
     <span class='ocr_line' id='line_1_7' title="bbox 96 1062 850 1140; baseline 0 -16"><span class='ocrx_word' id='word_1_34' title='bbox 96 1073 283 1138; x_wconf 88' lang='lat' dir='ltr'>seruantur,</span> <span class='ocrx_word' id='word_1_35' title='bbox 300 1073 396 1140; x_wconf 88' lang='lat' dir='ltr'>atque</span> <span class='ocrx_word' id='word_1_36' title='bbox 411 1063 445 1122; x_wconf 95' lang='lat' dir='ltr'>in</span> <span class='ocrx_word' id='word_1_37' title='bbox 461 1063 513 1123; x_wconf 90' lang='lat' dir='ltr'>via</span> <span class='ocrx_word' id='word_1_38' title='bbox 528 1063 650 1123; x_wconf 88' lang='lat' dir='ltr'>amicos</span> <span class='ocrx_word' id='word_1_39' title='bbox 666 1062 850 1124; x_wconf 84' lang='lat' dir='ltr'>inuisisse.“</span> 
     </span>
    </p>
   </div>
   <div class='ocr_carea' id='block_1_3' title="bbox 94 1143 852 3229">
    <p class='ocr_par' dir='ltr' id='par_1_3' title="bbox 94 1143 852 3229">
     <span class='ocr_line' id='line_1_8' title="bbox 95 1143 852 1221; baseline 0.001 -17"><span class='ocrx_word' id='word_1_40' title='bbox 95 1143 207 1221; x_wconf 78' lang='lat' dir='ltr'>Atque</span> <span class='ocrx_word' id='word_1_41' title='bbox 215 1143 372 1203; x_wconf 90' lang='lat' dir='ltr'>Thomam</span> <span class='ocrx_word' id='word_1_42' title='bbox 388 1143 561 1220; x_wconf 90' lang='lat' dir='ltr'>aliquando</span> <span class='ocrx_word' id='word_1_43' title='bbox 571 1143 723 1203; x_wconf 87' lang='lat' dir='ltr'>visitasse</span> <span class='ocrx_word' id='word_1_44' title='bbox 738 1161 852 1220; x_wconf 91' lang='lat' dir='ltr'>paren·</span> 
     </span>
     <span class='ocr_line' id='line_1_9' title="bbox 95 1223 852 1300; baseline 0 -16"><span class='ocrx_word' id='word_1_45' title='bbox 95 1236 149 1285; x_wconf 90' lang='lat' dir='ltr'>tes</span> <span class='ocrx_word' id='word_1_46' title='bbox 172 1223 309 1300; x_wconf 90' lang='lat' dir='ltr'>Kempis</span> <span class='ocrx_word' id='word_1_47' title='bbox 337 1223 519 1284; x_wconf 82' lang='lat' dir='ltr'>habitantes</span> <span class='ocrx_word' id='word_1_48' title='bbox 541 1240 559 1283; x_wconf 93' lang='lat' dir='ltr'>e</span> <span class='ocrx_word' id='word_1_49' title='bbox 582 1223 695 1283; x_wconf 91' lang='lat' dir='ltr'>codice</span> <span class='ocrx_word' id='word_1_50' title='bbox 723 1224 852 1285; x_wconf 92' lang='lat' dir='ltr'>miscel-</span> 
     </span>
     <span class='ocr_line' id='line_1_10' title="bbox 96 1304 852 1381; baseline 0 -16"><span class='ocrx_word' id='word_1_51' title='bbox 96 1306 194 1366; x_wconf 91' lang='lat' dir='ltr'>laneo</span> <span class='ocrx_word' id='word_1_52' title='bbox 223 1304 431 1364; x_wconf 86' lang='lat' dir='ltr'>Bruxellensi</span> <span class='ocrx_word' id='word_1_53' title='bbox 454 1307 656 1364; x_wconf 82' lang='lat'>8849-8859</span> <span class='ocrx_word' id='word_1_54' title='bbox 684 1304 852 1381; x_wconf 63' lang='lat' dir='ltr'>discimus</span> 
     </span>
     <span class='ocr_line' id='line_1_11' title="bbox 96 1384 851 1460; baseline 0 -15"><span class='ocrx_word' id='word_1_55' title='bbox 96 1385 153 1446; x_wconf 92' lang='lat' dir='ltr'>ubi</span> <span class='ocrx_word' id='word_1_56' title='bbox 177 1384 198 1444; x_wconf 87' lang='lat' dir='ltr'>f.</span> <span class='ocrx_word' id='word_1_57' title='bbox 224 1387 309 1444; x_wconf 83' lang='lat' dir='ltr'>130a</span> <span class='ocrx_word' id='word_1_58' title='bbox 329 1386 411 1444; x_wconf 90' lang='lat' dir='ltr'>haec</span> <span class='ocrx_word' id='word_1_59' title='bbox 433 1384 600 1460; x_wconf 86' lang='lat' dir='ltr'>leguntur:</span> <span class='ocrx_word' id='word_1_60' title='bbox 628 1385 697 1457; x_wconf 85' lang='lat' dir='ltr'>„De</span> <span class='ocrx_word' id='word_1_61' title='bbox 719 1385 851 1446; x_wconf 91' lang='lat' dir='ltr'>domino</span> 
     </span>
     <span class='ocr_line' id='line_1_12' title="bbox 94 1464 852 1542; baseline 0.001 -17"><span class='ocrx_word' id='word_1_62' title='bbox 94 1465 249 1542; x_wconf 89' lang='lat' dir='ltr'>gobelino</span> <span class='ocrx_word' id='word_1_63' title='bbox 286 1464 413 1540; x_wconf 87' lang='lat' dir='ltr'>kempis</span> <span class='ocrx_word' id='word_1_64' title='bbox 447 1465 553 1541; x_wconf 93' lang='lat' dir='ltr'>primo</span> <span class='ocrx_word' id='word_1_65' title='bbox 584 1465 704 1524; x_wconf 89' lang='lat' dir='ltr'>clerico</span> <span class='ocrx_word' id='word_1_66' title='bbox 735 1466 852 1526; x_wconf 92' lang='lat' dir='ltr'>domus</span> 
     </span>
     <span class='ocr_line' id='line_1_13' title="bbox 96 1544 850 1620; baseline 0 -14"><span class='ocrx_word' id='word_1_67' title='bbox 96 1545 201 1606; x_wconf 88' lang='lat' dir='ltr'>sancti</span> <span class='ocrx_word' id='word_1_68' title='bbox 224 1545 376 1620; x_wconf 89' lang='lat' dir='ltr'>jeronimi</span> <span class='ocrx_word' id='word_1_69' title='bbox 392 1549 403 1616; x_wconf 77' lang='lat' dir='ltr'>ll</span> <span class='ocrx_word' id='word_1_70' title='bbox 420 1544 483 1605; x_wconf 92' lang='lat' dir='ltr'>Hic</span> <span class='ocrx_word' id='word_1_71' title='bbox 498 1544 699 1605; x_wconf 90' lang='lat' dir='ltr'>coloniensis</span> <span class='ocrx_word' id='word_1_72' title='bbox 713 1546 850 1606; x_wconf 89' lang='lat' dir='ltr'>nacione</span> 
     </span>
     <span class='ocr_line' id='line_1_14' title="bbox 95 1625 850 1708; baseline 0 -22"><span class='ocrx_word' id='word_1_73' title='bbox 95 1635 133 1687; x_wconf 92' lang='lat' dir='ltr'>ut</span> <span class='ocrx_word' id='word_1_74' title='bbox 155 1625 255 1686; x_wconf 89' lang='lat' dir='ltr'>iosias</span> <span class='ocrx_word' id='word_1_75' title='bbox 276 1625 381 1685; x_wconf 89' lang='lat' dir='ltr'>adhuc</span> <span class='ocrx_word' id='word_1_76' title='bbox 403 1642 484 1701; x_wconf 90' lang='lat' dir='ltr'>puer</span> <span class='ocrx_word' id='word_1_77' title='bbox 500 1625 584 1708; x_wconf 90' lang='lat' dir='ltr'>cepit</span> <span class='ocrx_word' id='word_1_78' title='bbox 600 1642 738 1702; x_wconf 87' lang='lat' dir='ltr'>querere</span> <span class='ocrx_word' id='word_1_79' title='bbox 754 1627 850 1686; x_wconf 91' lang='lat' dir='ltr'>deum</span> 
     </span>
     <span class='ocr_line' id='line_1_15' title="bbox 96 1705 851 1782; baseline 0.001 -16"><span class='ocrx_word' id='word_1_80' title='bbox 96 1715 224 1782; x_wconf 88' lang='lat' dir='ltr'>patrum</span> <span class='ocrx_word' id='word_1_81' title='bbox 247 1711 259 1779; x_wconf 78' lang='lat' dir='ltr'>ll</span> <span class='ocrx_word' id='word_1_82' title='bbox 281 1722 415 1765; x_wconf 92' lang='lat' dir='ltr'>suorum</span> <span class='ocrx_word' id='word_1_83' title='bbox 438 1705 521 1764; x_wconf 93' lang='lat' dir='ltr'>Nam</span> <span class='ocrx_word' id='word_1_84' title='bbox 545 1715 580 1766; x_wconf 91' lang='lat' dir='ltr'>ut</span> <span class='ocrx_word' id='word_1_85' title='bbox 603 1705 704 1766; x_wconf 89' lang='lat' dir='ltr'>frater</span> <span class='ocrx_word' id='word_1_86' title='bbox 723 1709 851 1768; x_wconf 90' lang='lat' dir='ltr'>thomas</span> 
     </span>
     <span class='ocr_line' id='line_1_16' title="bbox 97 1785 850 1864; baseline 0 -17"><span class='ocrx_word' id='word_1_87' title='bbox 97 1787 226 1862; x_wconf 87' lang='lat' dir='ltr'>kempis</span> <span class='ocrx_word' id='word_1_88' title='bbox 255 1785 413 1863; x_wconf 85' lang='lat' dir='ltr'>regularis</span> <span class='ocrx_word' id='word_1_89' title='bbox 441 1803 573 1846; x_wconf 89' lang='lat' dir='ltr'>narrare</span> <span class='ocrx_word' id='word_1_90' title='bbox 602 1787 774 1847; x_wconf 90' lang='lat' dir='ltr'>consueuit</span> <span class='ocrx_word' id='word_1_91' title='bbox 796 1787 850 1864; x_wconf 93' lang='lat' dir='ltr'>qui</span> 
     </span>
     <span class='ocr_line' id='line_1_17' title="bbox 96 1866 850 1942; baseline 0 -15"><span class='ocrx_word' id='word_1_92' title='bbox 96 1884 173 1927; x_wconf 93' lang='lat' dir='ltr'>curn</span> <span class='ocrx_word' id='word_1_93' title='bbox 190 1884 229 1927; x_wconf 93' lang='lat' dir='ltr'>eo</span> <span class='ocrx_word' id='word_1_94' title='bbox 244 1871 256 1938; x_wconf 78' lang='lat' dir='ltr'>ll</span> <span class='ocrx_word' id='word_1_95' title='bbox 271 1866 304 1926; x_wconf 95' lang='lat' dir='ltr'>in</span> <span class='ocrx_word' id='word_1_96' title='bbox 319 1866 422 1942; x_wconf 91' lang='lat' dir='ltr'>patria</span> <span class='ocrx_word' id='word_1_97' title='bbox 437 1868 543 1926; x_wconf 89' lang='lat' dir='ltr'>scolas</span> <span class='ocrx_word' id='word_1_98' title='bbox 558 1866 756 1928; x_wconf 91' lang='lat' dir='ltr'>visitauerat.</span> <span class='ocrx_word' id='word_1_99' title='bbox 776 1884 850 1927; x_wconf 94' lang='lat' dir='ltr'>cum</span> 
     </span>
     <span class='ocr_line' id='line_1_18' title="bbox 96 1946 851 2023; baseline 0 -15"><span class='ocrx_word' id='word_1_100' title='bbox 96 1948 201 2008; x_wconf 90' lang='lat' dir='ltr'>semel</span> <span class='ocrx_word' id='word_1_101' title='bbox 231 1947 302 2023; x_wconf 90' lang='lat' dir='ltr'>ipse</span> <span class='ocrx_word' id='word_1_102' title='bbox 328 1948 456 2006; x_wconf 90' lang='lat' dir='ltr'>thomas</span> <span class='ocrx_word' id='word_1_103' title='bbox 485 1946 631 2008; x_wconf 90' lang='lat' dir='ltr'>visitaret</span> <span class='ocrx_word' id='word_1_104' title='bbox 658 1952 725 2023; x_wconf 76' lang='lat' dir='ltr'>pall</span> <span class='ocrx_word' id='word_1_105' title='bbox 740 1957 851 2008; x_wconf 90' lang='lat' dir='ltr'>rentes</span> 
     </span>
     <span class='ocr_line' id='line_1_19' title="bbox 96 2027 851 2105; baseline 0 -17"><span class='ocrx_word' id='word_1_106' title='bbox 96 2045 177 2088; x_wconf 90' lang='lat' dir='ltr'>suos</span> <span class='ocrx_word' id='word_1_107' title='bbox 199 2027 411 2104; x_wconf 84' lang='lat' dir='ltr'>interrogauit</span> <span class='ocrx_word' id='word_1_108' title='bbox 433 2043 509 2086; x_wconf 91' lang='lat' dir='ltr'>eum</span> <span class='ocrx_word' id='word_1_109' title='bbox 531 2036 635 2087; x_wconf 91' lang='lat' dir='ltr'>mater</span> <span class='ocrx_word' id='word_1_110' title='bbox 656 2045 724 2088; x_wconf 93' lang='lat' dir='ltr'>sua.</span> <span class='ocrx_word' id='word_1_111' title='bbox 763 2029 851 2105; x_wconf 89' lang='lat' dir='ltr'>Qua·</span> 
     </span>
     <span class='ocr_line' id='line_1_20' title="bbox 95 2107 850 2184; baseline 0.001 -16"><span class='ocrx_word' id='word_1_112' title='bbox 95 2109 173 2168; x_wconf 90' lang='lat' dir='ltr'>liter</span> <span class='ocrx_word' id='word_1_113' title='bbox 194 2117 244 2168; x_wconf 90' lang='lat' dir='ltr'>est</span> <span class='ocrx_word' id='word_1_114' title='bbox 266 2124 339 2167; x_wconf 90' lang='lat' dir='ltr'>curn</span> <span class='ocrx_word' id='word_1_115' title='bbox 362 2107 418 2166; x_wconf 91' lang='lat' dir='ltr'>illo</span> <span class='ocrx_word' id='word_1_116' title='bbox 439 2107 525 2180; x_wconf 89' lang='lat' dir='ltr'>bono</span> <span class='ocrx_word' id='word_1_117' title='bbox 547 2107 668 2167; x_wconf 90' lang='lat' dir='ltr'>inuene</span> <span class='ocrx_word' id='word_1_118' title='bbox 689 2108 850 2184; x_wconf 86' lang='lat' dir='ltr'>gobelino.</span> 
     </span>
     <span class='ocr_line' id='line_1_21' title="bbox 96 2187 851 2264; baseline -0.001 -15"><span class='ocrx_word' id='word_1_119' title='bbox 96 2198 129 2249; x_wconf 93' lang='lat' dir='ltr'>et</span> <span class='ocrx_word' id='word_1_120' title='bbox 152 2189 207 2249; x_wconf 94' lang='lat' dir='ltr'>ille</span> <span class='ocrx_word' id='word_1_121' title='bbox 223 2187 399 2264; x_wconf 91' lang='lat' dir='ltr'>respondit.</span> <span class='ocrx_word' id='word_1_122' title='bbox 422 2187 603 2263; x_wconf 84' lang='lat' dir='ltr'>peroptime</span> <span class='ocrx_word' id='word_1_123' title='bbox 624 2188 662 2247; x_wconf 91' lang='lat' dir='ltr'>Et</span> <span class='ocrx_word' id='word_1_124' title='bbox 682 2197 785 2248; x_wconf 90' lang='lat' dir='ltr'>mater</span> <span class='ocrx_word' id='word_1_125' title='bbox 803 2189 851 2248; x_wconf 95' lang='lat' dir='ltr'>in·</span> 
     </span>
     <span class='ocr_line' id='line_1_22' title="bbox 95 2267 851 2347; baseline 0 -18"><span class='ocrx_word' id='word_1_126' title='bbox 95 2269 177 2347; x_wconf 91' lang='lat' dir='ltr'>quit.</span> <span class='ocrx_word' id='word_1_127' title='bbox 211 2269 245 2328; x_wconf 91' lang='lat' dir='ltr'>Si</span> <span class='ocrx_word' id='word_1_128' title='bbox 267 2268 385 2328; x_wconf 89' lang='lat' dir='ltr'>vixerit</span> <span class='ocrx_word' id='word_1_129' title='bbox 408 2267 540 2327; x_wconf 93' lang='lat' dir='ltr'>iuuenis</span> <span class='ocrx_word' id='word_1_130' title='bbox 569 2268 633 2328; x_wconf 90' lang='lat' dir='ltr'>ille.</span> <span class='ocrx_word' id='word_1_131' title='bbox 656 2278 782 2328; x_wconf 90' lang='lat' dir='ltr'>crescet</span> <span class='ocrx_word' id='word_1_132' title='bbox 803 2269 851 2329; x_wconf 95' lang='lat' dir='ltr'>in·</span> 
     </span>
     <span class='ocr_line' id='line_1_23' title="bbox 95 2347 850 2410; baseline 0.001 -1"><span class='ocrx_word' id='word_1_133' title='bbox 95 2349 195 2409; x_wconf 92' lang='lat' dir='ltr'>dubie</span> <span class='ocrx_word' id='word_1_134' title='bbox 223 2349 257 2408; x_wconf 96' lang='lat' dir='ltr'>in</span> <span class='ocrx_word' id='word_1_135' title='bbox 279 2349 386 2408; x_wconf 91' lang='lat' dir='ltr'>virum</span> <span class='ocrx_word' id='word_1_136' title='bbox 417 2357 575 2408; x_wconf 90' lang='lat' dir='ltr'>sanctum.</span> <span class='ocrx_word' id='word_1_137' title='bbox 612 2347 676 2409; x_wconf 92' lang='lat' dir='ltr'>Cui</span> <span class='ocrx_word' id='word_1_138' title='bbox 706 2350 850 2410; x_wconf 89' lang='lat' dir='ltr'>thomas:</span> 
     </span>
     <span class='ocr_line' id='line_1_24' title="bbox 95 2429 850 2490; baseline 0 0"><span class='ocrx_word' id='word_1_139' title='bbox 95 2430 184 2490; x_wconf 92' lang='lat' dir='ltr'>unde</span> <span class='ocrx_word' id='word_1_140' title='bbox 213 2431 276 2490; x_wconf 93' lang='lat' dir='ltr'>hoc</span> <span class='ocrx_word' id='word_1_141' title='bbox 305 2430 446 2489; x_wconf 90' lang='lat' dir='ltr'>habeso</span> <span class='ocrx_word' id='word_1_142' title='bbox 476 2436 579 2488; x_wconf 88' lang='lat' dir='ltr'>mater</span> <span class='ocrx_word' id='word_1_143' title='bbox 606 2445 679 2488; x_wconf 91' lang='lat' dir='ltr'>mea</span> <span class='ocrx_word' id='word_1_144' title='bbox 707 2429 850 2490; x_wconf 77' lang='lat' dir='ltr'>dilecta?</span> 
     </span>
     <span class='ocr_line' id='line_1_25' title="bbox 94 2508 849 2585; baseline 0 -15"><span class='ocrx_word' id='word_1_145' title='bbox 94 2509 216 2571; x_wconf 79' lang='lat' dir='ltr'>Atilia</span> <span class='ocrx_word' id='word_1_146' title='bbox 238 2509 421 2585; x_wconf 91' lang='lat' dir='ltr'>respondit:</span> <span class='ocrx_word' id='word_1_147' title='bbox 443 2508 537 2568; x_wconf 92' lang='lat' dir='ltr'>vobis</span> <span class='ocrx_word' id='word_1_148' title='bbox 559 2524 632 2568; x_wconf 90' lang='lat' dir='ltr'>curn</span> <span class='ocrx_word' id='word_1_149' title='bbox 653 2510 801 2569; x_wconf 91' lang='lat' dir='ltr'>coeuulis</span> <span class='ocrx_word' id='word_1_150' title='bbox 817 2510 849 2570; x_wconf 96' lang='lat' dir='ltr'>in</span> 
     </span>
     <span class='ocr_line' id='line_1_26' title="bbox 95 2588 850 2651; baseline 0.001 -1"><span class='ocrx_word' id='word_1_151' title='bbox 95 2589 258 2651; x_wconf 89' lang='lat' dir='ltr'>cimiterio</span> <span class='ocrx_word' id='word_1_152' title='bbox 280 2606 371 2649; x_wconf 88' lang='lat' dir='ltr'>more</span> <span class='ocrx_word' id='word_1_153' title='bbox 388 2588 563 2648; x_wconf 87' lang='lat' dir='ltr'>scolarium</span> <span class='ocrx_word' id='word_1_154' title='bbox 586 2589 773 2650; x_wconf 90' lang='lat' dir='ltr'>ludentibus</span> <span class='ocrx_word' id='word_1_155' title='bbox 794 2590 850 2651; x_wconf 93' lang='lat' dir='ltr'>ille</span> 
     </span>
     <span class='ocr_line' id='line_1_27' title="bbox 94 2668 851 2731; baseline -0.001 0"><span class='ocrx_word' id='word_1_156' title='bbox 94 2688 133 2731; x_wconf 89' lang='lat' dir='ltr'>se</span> <span class='ocrx_word' id='word_1_157' title='bbox 149 2670 354 2730; x_wconf 90' lang='lat' dir='ltr'>abstrahebat</span> <span class='ocrx_word' id='word_1_158' title='bbox 368 2669 493 2728; x_wconf 89' lang='lat' dir='ltr'>intrans</span> <span class='ocrx_word' id='word_1_159' title='bbox 508 2668 681 2730; x_wconf 89' lang='lat' dir='ltr'>ecclesiam</span> <span class='ocrx_word' id='word_1_160' title='bbox 693 2679 725 2730; x_wconf 91' lang='lat' dir='ltr'>et</span> <span class='ocrx_word' id='word_1_161' title='bbox 739 2671 851 2730; x_wconf 90' lang='lat' dir='ltr'>altaria</span> 
     </span>
     <span class='ocr_line' id='line_1_28' title="bbox 95 2749 850 2811; baseline 0.001 -1"><span class='ocrx_word' id='word_1_162' title='bbox 95 2751 261 2811; x_wconf 90' lang='lat' dir='ltr'>circuiens</span> <span class='ocrx_word' id='word_1_163' title='bbox 283 2749 402 2810; x_wconf 91' lang='lat' dir='ltr'>ibidem</span> <span class='ocrx_word' id='word_1_164' title='bbox 419 2749 512 2809; x_wconf 89' lang='lat' dir='ltr'>valde</span> <span class='ocrx_word' id='word_1_165' title='bbox 528 2749 695 2809; x_wconf 84' lang='lat' dir='ltr'>ferventer</span> <span class='ocrx_word' id='word_1_166' title='bbox 709 2751 850 2811; x_wconf 87' lang='lat' dir='ltr'>fundens</span> 
     </span>
     <span class='ocr_line' id='line_1_29' title="bbox 95 2829 850 2894; baseline -0.004 0"><span class='ocrx_word' id='word_1_167' title='bbox 95 2849 175 2894; x_wconf 89' lang='lat' dir='ltr'>suas</span> <span class='ocrx_word' id='word_1_168' title='bbox 197 2830 361 2892; x_wconf 90' lang='lat' dir='ltr'>orationes</span> <span class='ocrx_word' id='word_1_169' title='bbox 383 2838 415 2889; x_wconf 91' lang='lat' dir='ltr'>et</span> <span class='ocrx_word' id='word_1_170' title='bbox 443 2829 575 2889; x_wconf 92' lang='lat' dir='ltr'>domino</span> <span class='ocrx_word' id='word_1_171' title='bbox 606 2830 667 2890; x_wconf 94' lang='lat' dir='ltr'>deo</span> <span class='ocrx_word' id='word_1_172' title='bbox 690 2848 749 2890; x_wconf 92' lang='lat' dir='ltr'>suo</span> <span class='ocrx_word' id='word_1_173' title='bbox 772 2849 850 2891; x_wconf 89' lang='lat' dir='ltr'>suas</span> 
     </span>
     <span class='ocr_line' id='line_1_30' title="bbox 95 2909 849 2987; baseline -0.003 -13"><span class='ocrx_word' id='word_1_174' title='bbox 95 2912 289 2974; x_wconf 89' lang='lat' dir='ltr'>aiiectiones</span> <span class='ocrx_word' id='word_1_175' title='bbox 318 2909 444 2987; x_wconf 90' lang='lat' dir='ltr'>aperuit</span> <span class='ocrx_word' id='word_1_176' title='bbox 471 2918 587 2986; x_wconf 89' lang='lat' dir='ltr'>petens</span> <span class='ocrx_word' id='word_1_177' title='bbox 615 2909 783 2971; x_wconf 86' lang='lat' dir='ltr'>iniormari</span> <span class='ocrx_word' id='word_1_178' title='bbox 810 2912 849 2972; x_wconf 90' lang='lat' dir='ltr'>ad</span> 
     </span>
     <span class='ocr_line' id='line_1_31' title="bbox 94 2990 849 3072; baseline -0.001 -19"><span class='ocrx_word' id='word_1_179' title='bbox 94 2992 290 3072; x_wconf 90' lang='lat' dir='ltr'>placendum</span> <span class='ocrx_word' id='word_1_180' title='bbox 327 2991 410 3051; x_wconf 80' lang='lat' dir='ltr'>ei.“²</span> <span class='ocrx_word' id='word_1_181' title='bbox 453 2990 519 3050; x_wconf 87' lang='lat' dir='ltr'>iarn</span> <span class='ocrx_word' id='word_1_182' title='bbox 552 3007 625 3050; x_wconf 92' lang='lat' dir='ltr'>curn</span> <span class='ocrx_word' id='word_1_183' title='bbox 661 2991 716 3051; x_wconf 91' lang='lat' dir='ltr'>ille</span> <span class='ocrx_word' id='word_1_184' title='bbox 747 2992 849 3052; x_wconf 89' lang='lat' dir='ltr'>codex</span> 
     </span>
     <span class='ocr_line' id='line_1_32' title="bbox 95 3070 848 3135; baseline -0.003 -1"><span class='ocrx_word' id='word_1_185' title='bbox 95 3073 255 3135; x_wconf 91' lang='lat' dir='ltr'>oriundus</span> <span class='ocrx_word' id='word_1_186' title='bbox 286 3072 327 3132; x_wconf 90' lang='lat' dir='ltr'>sit</span> <span class='ocrx_word' id='word_1_187' title='bbox 358 3088 376 3131; x_wconf 93' lang='lat' dir='ltr'>e</span> <span class='ocrx_word' id='word_1_188' title='bbox 407 3071 503 3131; x_wconf 93' lang='lat' dir='ltr'>domo</span> <span class='ocrx_word' id='word_1_189' title='bbox 539 3070 661 3131; x_wconf 92' lang='lat' dir='ltr'>domini</span> <span class='ocrx_word' id='word_1_190' title='bbox 694 3072 848 3132; x_wconf 87' lang='lat' dir='ltr'>Florentii</span> 
     </span>
     <span class='ocr_line' id='line_1_33' title="bbox 95 3151 848 3229; baseline -0.004 -14"><span class='ocrx_word' id='word_1_191' title='bbox 95 3151 339 3228; x_wconf 88' lang='lat' dir='ltr'>Daventriensi,</span> <span class='ocrx_word' id='word_1_192' title='bbox 360 3169 399 3212; x_wconf 91' lang='lat' dir='ltr'>ea</span> <span class='ocrx_word' id='word_1_193' title='bbox 420 3160 527 3212; x_wconf 89' lang='lat' dir='ltr'>autem</span> <span class='ocrx_word' id='word_1_194' title='bbox 551 3151 623 3211; x_wconf 89' lang='lat' dir='ltr'>eius</span> <span class='ocrx_word' id='word_1_195' title='bbox 645 3169 730 3228; x_wconf 90' lang='lat' dir='ltr'>pars,</span> <span class='ocrx_word' id='word_1_196' title='bbox 752 3170 848 3229; x_wconf 90' lang='lat' dir='ltr'>quam</span> 
     </span>
    </p>
   </div>
   <div class='ocr_carea' id='block_1_4' title="bbox 93 3289 256 3297">
    <p class='ocr_par' dir='ltr' id='par_1_4' title="bbox 93 3289 256 3297">
     <span class='ocr_line' id='line_1_34' title="bbox 93 3289 256 3297; baseline -0.018 0"><span class='ocrx_word' id='word_1_197' title='bbox 93 3289 256 3297; x_wconf 79' lang='lat'>,—.-—.—-—</span> 
     </span>
    </p>
   </div>
   <div class='ocr_carea' id='block_1_5' title="bbox 156 3361 500 3416">
    <p class='ocr_par' dir='ltr' id='par_1_5' title="bbox 156 3361 500 3416">
     <span class='ocr_line' id='line_1_35' title="bbox 156 3361 500 3416; baseline 0 -12"><span class='ocrx_word' id='word_1_198' title='bbox 156 3363 230 3405; x_wconf 83' lang='lat'><strong>¹1621</strong></span> <span class='ocrx_word' id='word_1_199' title='bbox 247 3374 269 3415; x_wconf 79' lang='grc' dir='ltr'>ρ.</span> <span class='ocrx_word' id='word_1_200' title='bbox 286 3363 332 3416; x_wconf 84' lang='lat'>117,</span> <span class='ocrx_word' id='word_1_201' title='bbox 348 3361 401 3404; x_wconf 78' lang='lat' dir='ltr'>roae</span> <span class='ocrx_word' id='word_1_202' title='bbox 415 3372 437 3412; x_wconf 78' lang='grc' dir='ltr'>ρ.</span> <span class='ocrx_word' id='word_1_203' title='bbox 451 3361 500 3404; x_wconf 79' lang='lat' dir='ltr'>soe.</span> 
     </span>
    </p>
   </div>
   <div class='ocr_carea' id='block_1_6' title="bbox 93 3431 850 3594">
    <p class='ocr_par' dir='ltr' id='par_1_6' title="bbox 93 3431 850 3594">
     <span class='ocr_line' id='line_1_36' title="bbox 156 3431 850 3483; baseline -0.004 -7"><span class='ocrx_word' id='word_1_204' title='bbox 156 3436 165 3463; x_wconf 82' lang='lat'>²</span> <span class='ocrx_word' id='word_1_205' title='bbox 180 3434 256 3476; x_wconf 86' lang='lat' dir='ltr'>Minus</span> <span class='ocrx_word' id='word_1_206' title='bbox 276 3442 375 3476; x_wconf 82' lang='lat' dir='ltr'>accurate</span> <span class='ocrx_word' id='word_1_207' title='bbox 395 3433 434 3473; x_wconf 85' lang='lat' dir='ltr'>illa</span> <span class='ocrx_word' id='word_1_208' title='bbox 452 3432 519 3474; x_wconf 87' lang='lat' dir='ltr'>verba</span> <span class='ocrx_word' id='word_1_209' title='bbox 539 3431 617 3474; x_wconf 86' lang='lat' dir='ltr'>Rosve</span> <span class='ocrx_word' id='word_1_210' title='bbox 634 3432 661 3483; x_wconf 91' lang='lat' dir='ltr'>d,</span> <span class='ocrx_word' id='word_1_211' title='bbox 681 3432 767 3474; x_wconf 87' lang='lat' dir='ltr'>Vindio.</span> <span class='ocrx_word' id='word_1_212' title='bbox 784 3431 850 3474; x_wconf 88' lang='lat' dir='ltr'>Kem-</span> 
     </span>
     <span class='ocr_line' id='line_1_37' title="bbox 93 3486 849 3543; baseline -0.009 -10"><span class='ocrx_word' id='word_1_213' title='bbox 93 3502 159 3543; x_wconf 89' lang='lat' dir='ltr'>pens.</span> <span class='ocrx_word' id='word_1_214' title='bbox 175 3499 197 3540; x_wconf 86' lang='lat' dir='ltr'>p.</span> <span class='ocrx_word' id='word_1_215' title='bbox 215 3488 253 3529; x_wconf 80' lang='lat'>123</span> <span class='ocrx_word' id='word_1_216' title='bbox 267 3487 338 3540; x_wconf 78' lang='lat'><strong>(1621)</strong></span> <span class='ocrx_word' id='word_1_217' title='bbox 353 3486 441 3528; x_wconf 83' lang='lat' dir='ltr'>exhibet</span> <span class='ocrx_word' id='word_1_218' title='bbox 456 3496 477 3536; x_wconf 85' lang='lat' dir='ltr'>p.</span> <span class='ocrx_word' id='word_1_219' title='bbox 495 3486 533 3527; x_wconf 87' lang='lat'>127</span> <span class='ocrx_word' id='word_1_220' title='bbox 552 3499 577 3528; x_wconf 88' lang='lat' dir='ltr'>ea</span> <span class='ocrx_word' id='word_1_221' title='bbox 596 3499 608 3527; x_wconf 87' lang='lat' dir='ltr'>a</span> <span class='ocrx_word' id='word_1_222' title='bbox 625 3494 704 3527; x_wconf 87' lang='lat' dir='ltr'>notans</span> <span class='ocrx_word' id='word_1_223' title='bbox 723 3486 750 3527; x_wconf 82' lang='lat' dir='ltr'>ad</span> <span class='ocrx_word' id='word_1_224' title='bbox 769 3498 793 3529; x_wconf 89' lang='lat' dir='ltr'>se</span> <span class='ocrx_word' id='word_1_225' title='bbox 809 3488 849 3526; x_wconf 90' lang='lat' dir='ltr'>ml-</span> 
     </span>
     <span class='ocr_line' id='line_1_38' title="bbox 93 3539 849 3594; baseline -0.008 -8"><span class='ocrx_word' id='word_1_226' title='bbox 93 3546 155 3587; x_wconf 77' lang='lat' dir='ltr'>sisse</span> <span class='ocrx_word' id='word_1_227' title='bbox 175 3543 324 3594; x_wconf 84' lang='lat' dir='ltr'>Boccopium,</span> <span class='ocrx_word' id='word_1_228' title='bbox 351 3540 455 3582; x_wconf 89' lang='lat' dir='ltr'>sedulum</span> <span class='ocrx_word' id='word_1_229' title='bbox 477 3541 615 3594; x_wconf 83' lang='lat' dir='ltr'>antiquitatis</span> <span class='ocrx_word' id='word_1_230' title='bbox 636 3539 737 3592; x_wconf 82' lang='lat' dir='ltr'>Belgicae</span> <span class='ocrx_word' id='word_1_231' title='bbox 758 3541 849 3581; x_wconf 90' lang='lat' dir='ltr'>investi-</span> 
     </span>
    </p>
   </div>
   <div class='ocr_carea' id='block_1_7' title="bbox 92 3606 487 3723">
    <p class='ocr_par' dir='ltr' id='par_1_7' title="bbox 92 3606 487 3723">
     <span class='ocr_line' id='line_1_39' title="bbox 92 3606 200 3652; baseline -0.019 -12"><span class='ocrx_word' id='word_1_232' title='bbox 92 3606 200 3652; x_wconf 82' lang='lat' dir='ltr'>gatonem.</span> 
     </span>
     <span class='ocr_line' id='line_1_40' title="bbox 352 3681 487 3723; baseline 0.022 -3"><span class='ocrx_word' id='word_1_233' title='bbox 352 3714 354 3720; x_wconf 94' lang='lat'><em>.</em></span> <span class='ocrx_word' id='word_1_234' title='bbox 449 3681 487 3723; x_wconf 77' lang='grc'>391</span> 
     </span>
    </p>
   </div>
   <div class='ocr_carea' id='block_1_8' title="bbox 0 0 1076 4168">
    <p class='ocr_par' dir='ltr' id='par_1_8' title="bbox 0 0 1076 4168">
     <span class='ocr_line' id='line_1_41' title="bbox 0 0 1076 4168; baseline 0 1"><span class='ocrx_word' id='word_1_235' title='bbox 0 0 1076 4168; x_wconf 95' lang='lat' dir='ltr'> </span> 
     </span>
    </p>
   </div>
  </div>
 </body>
</html>
