2118 4180
234 399 975 511 Qfflnmffifflffi

227 597 258 648 te
278 587 384 664 igitur,
407 588 498 650 Deus
514 605 618 665 meus,
640 589 980 666 incomprehensibilis

227 687 370 747 essentia
393 695 464 762 tua,
494 687 720 748 inenarrabilis
749 689 981 765 omnipotentia

226 794 297 860 tua,
328 784 548 845 inscrutabilis
579 785 738 860 sapientia
767 795 838 864 tua,
869 786 980 848 ineffa-

226 881 301 942 bilis
323 881 460 942 dulcedo
486 891 541 943 tua
563 893 594 942 et
618 883 895 945 immensurabilis
916 885 982 961 pie-

189 989 275 1040 stas
306 989 369 1040 tua.
427 981 548 1040 Laudet
581 989 612 1040 te
643 981 893 1057 supereminens
928 991 984 1043 tua

226 1077 363 1153 bonitas
385 1079 654 1154 superabundans
673 1078 898 1140 misericordia
918 1089 983 1157 tua,

226 1174 425 1251 sempiterna
445 1192 574 1252 quoque
590 1176 694 1236 virtus
709 1185 741 1236 et
756 1177 983 1237 inenarrabilis

226 1272 379 1332 maiestas
394 1281 457 1332 tua.
484 1273 605 1333 Laudet
619 1282 652 1333 te
667 1273 847 1334 infallibilis
862 1275 984 1335 veritas

226 1378 296 1444 tua,
324 1369 599 1430 incommutabilis
628 1371 773 1446 aequitas
794 1381 865 1447 tua,
894 1371 984 1433 inde-

192 1488 217 1529 ro
227 1468 342 1527 ficiens
363 1469 419 1528 lux
440 1476 510 1544 tua,
539 1467 720 1528 clarissima
740 1469 854 1528 notitia
875 1478 930 1530 tua
952 1481 984 1530 et

227 1565 424 1624 inviolabilis
459 1564 639 1624 substantia
673 1573 737 1625 tua.
794 1566 916 1626 Laudet
951 1577 984 1628 te

227 1663 410 1723 rectissima
431 1661 554 1722 iustitia
572 1670 636 1737 tua,
658 1663 912 1738 prudentissima
934 1681 984 1723 or-

227 1759 348 1819 dinatio
362 1768 427 1835 tua,
441 1759 709 1836 tranquillissima
723 1761 913 1836 gubernatio
928 1770 984 1822 tua

227 1870 259 1919 et
287 1860 487 1920 invincibilis
515 1860 659 1936 potentia
686 1868 750 1919 tua.
800 1857 922 1918 Laudet
950 1868 983 1919 te

193 1967 281 2019 rstua
302 1957 442 2017 maxima
463 1957 617 2033 dignitas,
642 1974 769 2017 summa
790 1956 984 2032 benignitate,

225 2066 281 2115 tua
300 2056 421 2131 optima
438 2055 585 2131 dulcedo,
608 2055 827 2130 pulcherrima
841 2054 984 2130 pulchri-

225 2151 302 2212 tudo
319 2160 351 2211 et
366 2153 642 2213 excellentissima
656 2153 772 2213 caritas
787 2164 851 2213 tua.
874 2152 984 2215 Omne

226 2267 346 2309 nomen
377 2259 409 2310 et
440 2267 536 2309 omne
567 2250 722 2325 verbum,
758 2251 844 2326 quod
880 2252 919 2310 de
951 2259 984 2311 te

226 2347 404 2423 praedicari
435 2356 542 2424 potest
573 2357 604 2407 et
636 2347 718 2417 dici,
749 2348 857 2407 laudet
887 2356 919 2407 te
952 2358 984 2408 et

189 2448 445 2521 eosuperexaltet
465 2447 498 2505 in
523 2446 662 2506 saecula.

268 2543 390 2604 Laudet
411 2554 443 2603 te
462 2543 667 2603 nobilissima
681 2543 792 2619 regina
807 2545 984 2620 caelorum,

225 2640 367 2715 gloriosa
397 2641 487 2717 virgo
519 2641 642 2716 illaria,
678 2651 773 2717 atque
807 2658 880 2700 cum
912 2641 985 2700 uni·

226 2753 322 2795 versa
332 2737 421 2797 curia
432 2738 563 2798 caelesti
579 2747 666 2798 tuam
680 2748 868 2814 perpetuam
885 2738 985 2798 maie-

226 2842 341 2895 statem
365 2838 584 2911 superexaltet
606 2837 638 2896 in
662 2838 801 2897 saecula.

190 2961 217 3001 25
267 2932 360 2993 Milia
394 2933 519 2994 milium
555 2936 743 3011 angelorum
773 2933 880 2994 debita
908 2951 983 2993 cum

131 3063 134 3070 ·
226 3031 436 3091 veneratione
451 3031 508 3091 tibi
524 3031 777 3092 ministrantium
798 3031 929 3090 laudent
952 3040 985 3090 et

227 3128 364 3203 psallant
384 3129 508 3189 nomini
531 3138 586 3189 tuo
609 3129 754 3190 infinitae
777 3127 985 3204 gratitudinis

226 3226 348 3286 laudes,
381 3226 419 3286 Et
434 3227 567 3287 deciens
582 3227 713 3287 miliens
735 3235 873 3287 centena
894 3225 985 3285 milia

227 3323 346 3383 civium
370 3341 586 3400 supernorum
609 3324 666 3384 tibi
689 3324 808 3401 iugiter
828 3324 984 3384 assisten-

190 3422 307 3490 30tium
330 3440 457 3483 summa
479 3440 552 3482 curn
576 3423 773 3483 exultatione
797 3422 929 3483 laudent
951 3432 985 3483 te

227 3530 259 3581 et
278 3521 412 3580 adorent
432 3537 505 3579 cum
522 3537 649 3580 summa
671 3520 864 3595 reverentia,
886 3528 983 3597 atque

595 3627 608 3666 a
