2118 4180
1039 417 1051 448 .l

236 423 577 532 Μὴ
590 479 608 531 1,
621 479 652 521 1⁵·
670 423 980 533 affl

1039 596 1051 616 ,.

271 611 380 671 Laudo
403 620 435 671 et
453 611 599 687 glorifico
613 621 646 671 te
661 628 719 687 pro
735 611 888 687 primitiis
903 631 987 674 mar·
1042 622 1051 638 ··

229 717 348 786 tyrum,
370 725 453 784 quos
475 709 548 768 sine
569 708 706 770 crimine
728 727 843 785 passos
864 711 986 770 abhoc
1039 693 1051 734 ῃ

230 807 361 866 saeculo
389 808 511 866 mundo
540 807 638 866 corde
669 817 701 868 et
732 824 867 884 corpore
896 809 986 868 abire

171 931 173 934 ·
230 903 336 964 fecisti
359 904 484 964 donans
512 914 544 964 et
568 904 633 964 illis
655 906 800 983 martyrii
822 906 987 982 meritum,
1045 923 1049 930 “

194 1025 207 1064 s
229 1001 284 1077 qui
307 1002 446 1061 necdum
470 1002 605 1062 rationis
627 1004 788 1065 habebant
810 1022 916 1070 usum.
1042 985 1051 1027 ἶ

270 1098 379 1159 Adoro
408 1100 602 1180 aequitatem
632 1110 761 1161 tuorum
791 1101 986 1162 iudiciorum
1047 1086 1051 1124 ³

229 1195 262 1255 iu
285 1197 437 1257 omnibus
459 1198 612 1274 operibus
634 1198 699 1259 tuis
716 1199 908 1276 mirabilem,
931 1200 986 1276 qui

229 1295 372 1355 humiles
393 1305 425 1355 et
446 1296 640 1356 innocentes
662 1306 793 1357 aeterna
813 1297 916 1374 gloria
933 1315 987 1357 ex·
1045 1281 1052 1337 ’ἶ

229 1391 354 1467 altasti,
389 1395 566 1468 superbum
602 1411 681 1454 vero
714 1395 878 1455 Herodem
911 1413 986 1456 cum
1045 1405 1052 1480 f

196 1505 220 1547 ro
229 1489 290 1549 sibi
313 1492 595 1552 consentientibus
617 1502 773 1569 perpetua
791 1491 987 1552 confusione
1048 1481 1052 1566 ἶ

230 1588 262 1647 in
286 1588 450 1649 infernum
474 1590 669 1651 demersisti.

270 1686 424 1763 Supplico
446 1688 565 1748 obnixe
586 1688 696 1764 pietati
721 1698 809 1764 tuae,
832 1689 988 1749 innocen·
1050 1765 1052 1770 ι

228 1782 356 1844 tissime
377 1785 462 1860 Iesu,
484 1786 565 1845 doce
587 1803 640 1846 me
662 1787 871 1862 parvulorum
894 1786 987 1846 inno·
1049 1861 1052 1872 .

229 1881 368 1942 centiam
391 1883 673 1960 humilitatemque
695 1883 812 1944 sectari
835 1884 933 1943 corde
956 1892 988 1943 et

195 1979 385 2054 umoribus,
407 1990 442 2040 ut
464 1981 552 2040 omni
569 1981 783 2042 amaritudine
799 1991 830 2042 et
846 1981 986 2041 elatione

229 2077 409 2153 postposita
430 2079 470 2138 de
493 2089 602 2139 cetero
624 2079 749 2155 mitior,
778 2078 906 2154 purior,
928 2080 987 2138 hu·
1050 2069 1052 2095 ³

229 2175 353 2250 milior,
382 2175 555 2251 patientior
583 2184 615 2234 et
644 2174 780 2234 alacrior
804 2174 889 2235 inter
910 2191 986 2234 eon-

229 2273 358 2333 sodales
373 2290 465 2333 meos
481 2272 638 2332 inveniar.
665 2272 736 2331 Nec
752 2272 817 2331 ulla
832 2271 986 2332 mollities
1052 2347 1053 2368 Χ

229 2370 337 2430 carnis
352 2386 404 2430 me
420 2369 579 2446 inquinet,
598 2369 657 2429 sed
672 2369 817 2445 perfecta
832 2368 985 2428 vitiorum
1052 2371 1053 2454 J

192 2467 434 2528 aomortilicatio
456 2468 495 2527 ab
517 2467 605 2527 omni
630 2484 715 2526 noxa
736 2466 905 2526 custodiat.

418 2675 689 2754 [cnrrrvcvm
713 2677 794 2753 xa]

334 2809 380 2869 De
401 2809 585 2868 inventione
606 2809 676 2868 Iesu
698 2809 731 2868 in
754 2810 880 2884 templo.

229 2904 475 3124 &medico
498 2970 530 3021 et
548 2960 667 3037 gratias
682 2977 740 3037 ago
756 2960 824 3036 tibi,
844 2961 985 3021 Domine

360 3060 434 3118 Iesu
455 3058 599 3134 Christe,
618 3059 772 3136 magister
793 3058 985 3118 humilitatis

192 3178 219 3219 25
229 3168 261 3218 et
282 3168 433 3219 aeternae
449 3158 595 3218 veritatis
610 3160 723 3219 doctor
736 3157 905 3232 altissime,
927 3174 984 3232 pro

228 3256 408 3331 stupendae
438 3256 631 3316 humilitatis
665 3265 740 3316 tuae
771 3255 920 3330 exemplo
954 3264 985 3314 et

229 3354 358 3413 latentis
380 3354 413 3413 in
435 3363 467 3414 te
489 3353 668 3430 sapientiae
698 3355 770 3413 luce
797 3353 985 3414 hominibus

228 3459 415 3526 monstrata,
437 3452 513 3511 dum
537 3451 723 3512 festivitatis
746 3451 847 3527 gratia
869 3450 985 3510 Hiero·

228 3549 387 3625 solymam
411 3566 484 3608 cum
507 3550 695 3624 parentibus
715 3549 889 3609 ascendisti
906 3549 986 3609 olfe-

590 3655 618 3695 32
