2194 4180
105 457 851 570 Qffiffismefflffi

143 650 264 710 Reside
286 649 384 725 igitur
405 656 437 707 et
458 655 493 707 tu
516 647 568 707 hic
588 646 752 707 modicum
769 644 857 704 iuxta

97 733 362 821 monumentum,
384 745 423 804 ad
445 745 662 822 plangendum
691 761 765 805 cum
788 761 858 803 mu-

97 845 238 905 lieribus
260 842 438 902 Dominum
463 842 571 902 lesum
601 859 659 918 pro
688 850 720 902 te
749 841 857 917 sepul-

96 951 181 1002 tum.
224 942 328 1000 Decet
349 939 436 999 enim
466 938 512 999 illi
542 938 782 999 lamentationis
804 955 858 998 ex-

96 1039 217 1099 hibere
232 1038 388 1113 officium,
410 1053 428 1096 a
449 1053 513 1113 quo
536 1045 712 1112 perpetuae
736 1036 882 1095 exulta-⁵

97 1137 203 1197 tionis
245 1135 413 1197 desideras
455 1133 625 1210 percipere
666 1132 858 1210 praemium.

4 1279 5 1282 η
100 1235 276 1311 Perpende
298 1235 424 1310 itaque,
452 1249 548 1308 quam
570 1231 713 1308 graviter
740 1231 859 1292 contri-

99 1332 273 1392 stabantur
306 1340 384 1391 tunc
420 1346 536 1390 omnes
573 1328 698 1390 Christi
731 1328 859 1404 fideles,

99 1429 245 1488 maxime
280 1437 388 1489 autem
418 1435 549 1487 sanctae
580 1427 754 1501 mulieres,
784 1443 858 1486 cum

101 1528 214 1588 lesum
237 1545 255 1587 a
277 1544 313 1587 se
335 1525 403 1587 tolli
427 1535 459 1586 et
487 1525 520 1585 in
549 1524 724 1602 sepulchro
754 1523 859 1582 claudi
872 1536 896 1578 ιο

101 1623 356 1700 conspicerent,
392 1640 449 1700 pro
486 1622 580 1682 cuius
611 1637 721 1681 amore
752 1620 861 1680 omnia
902 1665 906 1668 -

101 1729 391 1798 contempserant,
431 1737 528 1797 quern
572 1728 659 1780 tanto
678 1779 682 1788 ,
701 1727 860 1778 terrarum

101 1817 212 1894 spatio
234 1828 366 1879 secutae
395 1817 540 1893 inerant,
571 1815 622 1877 cui
651 1825 715 1875 tam
745 1816 861 1875 devote

101 1917 240 1993 saepius
262 1918 301 1977 de
325 1915 531 1976 facultatibus
560 1914 630 1974 suis
658 1913 862 1973 ministrave-

4 2077 5 2080 ,
102 2023 179 2074 rant
201 2023 297 2090 atque
322 2013 354 2074 in
377 2023 501 2074 tantum
533 2013 729 2086 dilexerant,
758 2019 793 2070 ut
823 2010 862 2069 ab
874 2027 899 2068 ιε
975 2071 978 2076 ,

103 2113 181 2172 eius
212 2111 298 2171 dulci
329 2112 514 2188 praesentia
544 2111 583 2170 ad
613 2109 777 2169 modicum
809 2108 863 2168 vix

102 2210 307 2286 sequestrari
337 2219 502 2286 poterant,
533 2223 607 2269 curn
639 2223 703 2284 quo
733 2223 864 2282 semper

103 2309 221 2369 vivere
243 2317 275 2368 et
297 2309 438 2369 iucunde
455 2305 643 2368 conversari
659 2304 864 2378 affectabant,

103 2422 169 2481 per
198 2423 295 2482 quern
327 2415 359 2466 et
389 2416 547 2483 perpetue
579 2421 615 2465 se
646 2419 744 2480 posse
774 2401 863 2462 beari

104 2502 293 2565 credebant.
336 2503 437 2564 Certe
460 2511 580 2580 quanto
602 2520 694 2563 amor
724 2510 793 2562 erat
817 2500 901 2560 in·2o

102 2600 243 2676 tensior,
264 2609 353 2661 tanto
375 2611 407 2662 et
428 2601 536 2660 luctus
558 2600 618 2660 iuit
640 2599 788 2661 amarior.

149 2697 256 2774 Super
286 2699 396 2759 omnia
426 2708 534 2758 autem
565 2707 694 2759 mentes
722 2696 863 2758 tristium

105 2795 283 2873 affligebat,
304 2796 380 2873 quia
395 2812 472 2872 spes
487 2795 679 2872 resurgendi
695 2796 865 2856 videbatur

105 2893 223 2969 ablata,
245 2903 278 2954 et
299 2893 381 2955 fides
396 2911 507 2954 earum
529 2894 767 2971 quodammodo
790 2910 863 2952 cum

107 2991 241 3053 lesuin
264 2993 389 3053 tumulo
412 2994 547 3068 sepulta.
578 2992 675 3052 Nulla
690 3008 767 3067 ergo
789 3007 901 3050 con-25

107 3089 226 3150 solatio
268 3089 401 3151 miseris
443 3107 619 3166 superesse
655 3089 866 3161 sentiebatur,

107 3204 208 3264 quam
231 3187 421 3247 defunctum
444 3187 614 3248 lamentari
644 3197 698 3247 aut
727 3187 774 3247 ire
796 3203 865 3246 aro-

107 3294 196 3345 mata
210 3301 413 3362 praeparare,
432 3293 468 3344 ut
483 3284 510 3344 si
526 3294 689 3345 mortuum
706 3283 865 3344 suscitare

107 3399 177 3443 non
200 3391 344 3459 possent,
366 3383 480 3442 saltem
505 3399 523 3442 a
551 3382 760 3458 corruptione
789 3381 866 3442 iide-

108 3480 237 3540 lissima
265 3481 420 3540 unctione
450 3496 510 3539 sua
531 3488 710 3540 servarent.
753 3479 818 3540 Sed
847 3495 902 3538 oao

109 3587 243 3639 sanctae
265 3586 297 3637 et
319 3577 490 3654 religiosae
516 3577 672 3637 mulieres
695 3576 865 3638 Christum

471 3681 508 3723 211
719 3679 761 3722 14·
