2194 4180
263 397 1009 520 witam&

424 675 695 753 [CAPITVLVM
719 677 832 753 XXX.]

254 827 300 886 De
329 825 532 886 lamentabili
559 825 767 902 emigratione
788 827 920 887 Domini
942 828 1012 887 Iesu

487 925 529 984 ab
551 925 611 985 lroc
630 925 769 985 saeculo.

254 1035 500 1256 &medico
522 1103 555 1154 et
568 1094 687 1171 gratias
702 1111 761 1172 ago
776 1093 845 1169 tibi,
869 1093 1013 1154 Domine

231 1217 244 1257 ⁵
379 1191 453 1251 lesu
473 1191 617 1267 Christe,
638 1193 704 1253 vita
718 1192 912 1268 viventium,
936 1209 1013 1268 spes

253 1289 479 1365 morientium,
510 1290 598 1350 salus
632 1291 777 1351 omnium
814 1290 848 1350 in
877 1299 910 1351 te
940 1308 1013 1367 spe-

253 1386 411 1463 rantium,
439 1405 497 1463 pro
521 1398 576 1449 tua
603 1389 773 1465 temporali
796 1389 1011 1466 emigratione

253 1486 292 1545 ab
314 1487 376 1546 hoc
398 1488 529 1547 saeculo
552 1488 584 1547 et
606 1487 693 1547 felici
716 1504 868 1565 regressu
891 1489 931 1548 ad
954 1489 1012 1548 Pa-

253 1594 334 1643 trem
358 1601 417 1660 per
437 1584 526 1645 dirae
548 1584 663 1644 mortis
684 1594 883 1645 tormentum
909 1595 942 1646 et
964 1586 1011 1644 in-

219 1708 244 1749 10
253 1681 345 1758 signe
368 1681 475 1741 crucis
494 1682 695 1758 martyrium.
729 1682 837 1742 Laudo
860 1692 892 1742 et
913 1683 1010 1759 glori·

253 1778 315 1838 fico
346 1789 377 1838 te
408 1796 467 1855 pro
495 1788 550 1839 tua
580 1779 699 1855 pallida
726 1779 942 1856 dispositione
971 1780 1008 1839 ad

253 1886 435 1937 mortemer
450 1877 543 1937 beata
557 1877 781 1953 agonizatione
797 1877 830 1937 in
842 1877 1009 1952 extremis,

253 1990 311 2050 pro
333 1983 522 2034 cunctarum
538 1973 657 2033 virium
675 1984 802 2035 tuarum
824 1974 1008 2035 deiectione

254 2082 285 2131 et
316 2072 457 2132 amorosi
489 2071 597 2131 cordis
628 2071 674 2131 tui
706 2072 834 2148 poenali
863 2072 1010 2133 confrac-

220 2169 353 2244 15tione,
374 2170 450 2229 dum
473 2180 518 2245 tu,
539 2168 720 2230 vivificator
742 2169 888 2230 omnium
915 2170 1010 2247 spiri-

254 2277 362 2343 tuum,
391 2267 506 2327 mortis
527 2283 593 2326 non
616 2267 764 2343 refugisti
794 2268 905 2328 subire
928 2268 1010 2328 iudi·

254 2366 358 2442 cium,
386 2375 421 2426 ut
442 2364 528 2424 viam
550 2363 645 2424 nobis
676 2364 821 2440 aperires
850 2365 889 2424 ad
912 2382 1011 2442 regna

254 2463 429 2523 caelorum.
469 2462 577 2521 Laudo
600 2470 632 2522 et
653 2462 799 2538 glorifico
821 2472 853 2523 te
875 2480 934 2539 pro
954 2473 1010 2524 tuo
1065 2467 1067 2474 ⁴

255 2559 329 2620 iorti
352 2561 493 2620 clamore
522 2559 556 2618 in
585 2575 682 2619 cruce
713 2577 813 2636 super
834 2563 1009 2621 humanam
1066 2563 1067 2655 l

218 2659 407 2722 mvirtutem
446 2667 478 2718 et
520 2657 791 2718 consuetudinem
834 2657 867 2718 in
910 2659 1009 2720 altum

255 2756 394 2831 emisso,
422 2773 480 2833 pro
502 2756 586 2816 tristi
609 2755 747 2816 divortio
770 2764 802 2814 et
830 2773 939 2816 amara
960 2775 1011 2818 se·
1065 2783 1066 2792 ¹

255 2855 421 2929 paratione
452 2853 676 2913 nobilissimae
708 2852 835 2913 animae
866 2864 940 2914 tuae
972 2857 1010 2916 ab

255 2951 478 3011 amantissimo
494 2968 630 3027 corpore
644 2960 712 3026 tuo,
726 2967 784 3027 pro
800 2950 1011 3011 devotissima

255 3049 575 3109 recommendatione
597 3048 733 3125 spiritus
760 3048 807 3108 tui
836 3048 869 3108 in
894 3065 1010 3109 manus

218 3157 422 3223 25paternas,
453 3165 510 3223 pro
542 3147 657 3207 humili
687 3146 897 3207 inclinatione
926 3149 1008 3208 sacri
1064 3165 1065 3241 t

255 3255 288 3305 et
308 3245 484 3321 spinolenti
514 3245 628 3322 capitis
656 3245 702 3305 tui
726 3261 843 3305 versus
871 3246 1008 3306 honora·

255 3343 319 3403 bile
348 3352 462 3420 pectus
484 3353 575 3403 tuum
605 3342 638 3402 in
667 3342 796 3419 signum
826 3341 934 3401 filialis
955 3344 1009 3403 ob·
1063 3371 1064 3388 t

255 3440 437 3500 oedientiae
459 3449 709 3517 perseveranter
726 3439 929 3514 adimpletae,
950 3457 1008 3515 pro

255 3538 421 3599 caritativa
442 3537 614 3598 traditione
636 3537 861 3598 sanctissimae
884 3536 1009 3598 animae

617 3643 654 3684 rao
