2152 4174
78 455 821 565 Qfieffismafflffi

70 643 125 719 tis,
154 663 229 704 cum
252 643 471 705 tribulationis
493 643 661 704 advenerit
685 652 824 719 tempus.

70 741 143 802 Non
161 743 368 803 conturberis
383 759 444 802 nec
460 742 630 817 desperate
647 751 679 800 te
694 742 826 815 habeaS,

69 838 95 897 si
118 839 284 916 aufertur,
312 840 399 916 quod
421 839 596 916 plurimum
619 837 743 915 diligis,
772 848 826 899 aut

69 937 94 997 si
117 939 178 998 tibi
200 946 353 1015 negatur,
382 937 469 1014 quod
491 937 714 998 necessarium
744 938 826 998 arbi-

68 1035 175 1096 traris.
219 1035 332 1096 Solent
354 1035 441 1095 enim
471 1052 529 1111 per
560 1035 699 1095 maxima
728 1052 848 1112 saepes

67 1133 257 1208 gravamina
279 1132 439 1193 carissimi
464 1132 559 1193 amici
584 1133 658 1192 lesu
687 1131 826 1208 probari.

69 1230 153 1290 Nam
177 1231 205 1290 si
228 1231 359 1307 proprio
382 1230 448 1290 lilio
480 1247 540 1291 suo
564 1231 655 1290 Deus
684 1247 748 1290 non
772 1247 826 1306 pe-

67 1329 183 1404 percit,
206 1330 265 1389 sed
287 1344 344 1404 pro
373 1327 526 1387 omnibus
557 1327 652 1387 nobis
673 1327 826 1405 gravissi·

67 1425 130 1484 mis
153 1425 272 1501 poenis
294 1425 455 1500 exposuit,
479 1424 557 1501 quid
578 1434 613 1485 tu
635 1425 690 1484 hic
710 1426 827 1503 gaudia

67 1523 229 1598 quaeris?
267 1523 301 1584 Si
325 1522 481 1584 Christus
503 1532 608 1583 semet
630 1523 737 1599 ipsum
760 1535 862 1583 nonro

67 1619 249 1695 quaesivit,
280 1621 337 1680 sed
360 1620 539 1681 oboediens
570 1630 667 1697 atque
696 1631 826 1697 paratus

67 1716 105 1775 ad
128 1717 292 1777 vilissima
320 1728 352 1777 et
381 1717 614 1794 poenalissima
643 1717 720 1793 luit,
748 1717 825 1794 quid

67 1820 100 1870 tu
123 1813 270 1873 laborem
293 1824 325 1874 et
340 1815 485 1876 dolorem
508 1816 556 1876 sic
572 1815 692 1876 metuis
713 1824 745 1874 et
760 1830 825 1874 non

67 1910 178 1983 potius
194 1928 253 1988 pro
268 1929 379 1973 amore
395 1913 554 1975 Crucifixi
570 1914 650 1973 dura
665 1921 696 1972 et
712 1927 827 1987 aspera

68 2008 305 2083 amplecteris?
333 2011 367 2072 Si
390 2011 616 2072 sanctissimae
632 2010 725 2071 matri
747 2024 863 2069 suaets

68 2107 171 2165 multa
193 2107 330 2169 adversa
351 2110 384 2169 in
404 2110 526 2170 mundo
541 2109 681 2185 admisit,
703 2109 731 2168 si
754 2126 825 2168 eam

68 2204 202 2280 saepius
230 2205 377 2266 tribulari
406 2225 443 2266 ac
471 2209 686 2267 vehementer
715 2206 826 2266 dolere

67 2312 165 2378 atque
188 2303 311 2364 diutius
332 2305 411 2365 llere
433 2305 592 2382 permisit,
612 2313 647 2364 tu
663 2303 825 2379 quomodo

15 2435 16 2442 κ
68 2399 139 2460 sine
163 2403 329 2477 pressuris
350 2402 405 2462 hic
419 2402 531 2463 vivere
552 2401 701 2478 poteris?
738 2400 775 2460 Et
797 2400 825 2459 si

68 2513 185 2557 omnes
216 2498 339 2560 amicos
369 2501 430 2560 Dei
462 2499 668 2574 consideres,
698 2499 863 2557 nullumao

68 2596 192 2672 absque
215 2605 283 2656 arta
304 2596 495 2672 probatione
523 2599 607 2656 hanc
629 2595 727 2656 vitam
751 2612 825 2655 ena-

67 2691 197 2770 vigasse
236 2693 396 2754 invenies.
446 2694 546 2755 Sume
577 2693 686 2770 itaque
717 2710 825 2753 exem-

67 2791 156 2864 plum
187 2791 398 2868 infatigabilis
424 2791 598 2868 patientiae
622 2792 661 2851 ab
684 2790 824 2867 imagine

15 2879 16 2922 ἶ
69 2885 228 2947 Crucilixi
255 2896 287 2948 et
309 2889 381 2949 eius
403 2889 574 2949 benedicta
599 2898 701 2950 matre
729 2898 761 2948 et
782 2905 824 2948 ne

67 2985 213 3045 verearis
236 3002 294 3062 pro
317 2988 421 3047 salute
442 2997 497 3047 tua
519 2987 552 3046 in
577 2987 862 3048 retributionemas

68 3079 213 3143 infinitae
243 3083 428 3145 dilectionis
451 3085 525 3145 lesu
555 3085 718 3145 modicum
747 3083 824 3159 quid

69 3182 250 3257 sustinere,
282 3191 316 3242 ut
347 3193 378 3243 et
409 3182 442 3243 in
474 3182 674 3243 revelatione
702 3181 824 3257 gloriae

68 3279 250 3350 promissae
273 3279 346 3339 eius
361 3290 518 3356 perpetuo
534 3278 665 3340 laeteris
680 3287 824 3354 aspectu.

15 3423 16 3426 ,
70 3374 314 3452 Benignissima
346 3377 467 3437 etenim
496 3387 599 3438 mater
631 3378 706 3437 lesu
734 3375 824 3435 novit

69 3470 198 3533 afflictis
221 3474 275 3550 pie
296 3475 446 3551 compati,
468 3475 579 3536 didicit
601 3493 642 3535 ex
656 3474 719 3549 his,
741 3490 861 3550 quaeso

70 3585 163 3643 passa
194 3580 260 3646 est,
290 3571 422 3632 miseris
453 3571 632 3663 affectuose
663 3571 824 3646 misereri,

431 3678 469 3718 raa
676 3676 717 3718 n*
