2152 4174
69 443 817 555 Quium&

61 642 191 708 vocata,
221 642 253 694 et
281 633 413 710 suscipe
442 650 495 693 rna
524 633 681 693 miserum
708 649 821 709 pecca-

61 743 169 792 torem
198 731 244 791 nil
275 731 316 792 de
346 731 487 808 propriis
517 730 660 806 actibus,
691 732 749 790 sed
781 732 821 791 de

61 839 118 889 tua
141 828 352 889 miseratione
375 829 603 890 confidentem.

247 1037 518 1116 [CAPITVLVM
542 1039 640 1115 xxi]

61 1174 109 1232 De
129 1172 309 1247 direptione
329 1178 361 1232 et
384 1173 543 1232 divisione
562 1171 843 1232 vestimentorum

382 1269 507 1330 Christi.

62 1365 310 1585 &medico
343 1432 375 1482 et
403 1421 521 1498 gratias
551 1437 609 1498 ago
639 1421 716 1496 tibi,
754 1421 819 1479 Do·

193 1521 282 1582 mine
312 1520 384 1580 lesu
409 1519 562 1592 Christe,
594 1519 740 1579 omniurn
771 1534 820 1577 re·

62 1635 135 1677 rum
164 1618 328 1694 conditor,
357 1618 502 1678 omniurn
525 1619 684 1677 bonorum
714 1616 821 1676 distri-

61 1716 178 1790 butor,
213 1732 271 1791 pro
307 1716 362 1776 illa
392 1716 535 1776 violenta
569 1715 857 1792 depraedationem

25 1829 26 1832 ¹
62 1829 100 1871 ac
118 1811 284 1872 delusoria
299 1811 510 1873 distractione
523 1812 666 1872 vestium
682 1821 821 1887 tuarum,

64 1911 193 1987 quando
216 1909 323 1969 statim
346 1920 420 1986 post
442 1910 544 1971 diram
568 1911 675 1971 crucis
697 1908 821 1970 altixio-
855 1937 857 1941 ·

63 2026 140 2069 nem
169 2009 322 2070 omnibus
353 2010 502 2071 vestibus
534 2008 624 2069 fuisti
658 2007 822 2067 hostiliter

63 2104 265 2181 despoliatus
287 2115 319 2166 et
336 2123 442 2183 usque
457 2107 496 2166 ad
511 2105 728 2166 novissimum
744 2122 821 2182 qua-

63 2203 211 2263 drantem
233 2203 278 2264 ita
302 2211 434 2263 exactus
463 2213 495 2263 et
523 2201 757 2277 exheredatus,
786 2210 821 2260 ut
832 2221 856 2262 15

63 2316 125 2358 nec
156 2297 328 2361 minimum
358 2301 489 2376 quidem
519 2300 751 2360 vestimentum
781 2298 820 2358 ad

63 2397 228 2474 propriam
258 2399 436 2459 nuditatem
464 2398 625 2458 retineres
647 2406 821 2472 contegen-

64 2494 136 2554 dam
160 2511 268 2571 neque
290 2496 426 2557 linteum
449 2496 613 2557 modicum
634 2494 691 2554 tibi
708 2510 821 2569 super-

63 2608 139 2652 esse
169 2608 341 2670 cerneres,
373 2595 405 2655 in
437 2612 501 2672 quo
531 2601 680 2653 mortuus
704 2608 820 2667 posses

62 2688 187 2749 involvi
210 2698 265 2749 aut
284 2692 423 2751 honeste
438 2691 581 2768 sepeliri.
611 2689 694 2748 Nam
710 2689 738 2748 si
754 2706 856 2751 nonan

62 2787 173 2846 nudus
194 2788 314 2848 debeas
334 2789 477 2865 sepeliri,
499 2797 626 2866 oportet
647 2787 819 2847 sindonem

63 2886 103 2945 ab
132 2877 255 2946 alienis
279 2887 416 2946 mercari
447 2895 478 2947 et
500 2896 663 2962 tamquam
686 2885 820 2962 pauperi

64 2992 96 3042 et
126 3000 230 3060 egeno
259 3001 299 3043 ex
327 2985 446 3061 pietate
475 2983 532 3044 tibi
556 2984 679 3044 donari.
721 2982 751 3044 O
773 2983 821 3043 ni-

65 3080 166 3140 mium
186 3081 267 3140 edax
283 3081 400 3156 cupido
416 3080 566 3156 militum,
588 3097 654 3140 non
670 3080 820 3154 militurn,

64 3179 122 3237 sed
152 3178 343 3255 ignobilium
373 3178 587 3239 ribaldoruml
634 3177 664 3239 O
693 3177 857 3241 invene-as

65 3276 171 3335 cunda
200 3275 358 3351 rapacitas
389 3275 564 3336 satellitum
597 3275 820 3350 reproborum,

66 3372 119 3449 qui
149 3374 310 3434 modicam
339 3374 413 3432 lesu
445 3371 691 3432 substantiolam
723 3371 820 3430 sacri·

67 3471 137 3547 lega
165 3470 318 3547 cupidine
347 3470 489 3546 diripere
517 3487 583 3529 non
610 3469 820 3542 erubuerunt,

68 3567 123 3627 sed
153 3568 346 3628 insatiabilis
378 3568 531 3628 avaritiae
560 3585 639 3627 suae
668 3567 818 3642 praedam

108 3675 200 3713 thomae
213 3686 228 3714 a
243 3676 271 3713 K.
286 3673 346 3715 Med.
430 3673 468 3714 129
700 3672 714 3712 9
