2152 4174
88 409 835 518 Qfflmofflffi

81 597 255 674 gravabant
277 596 431 657 videlicet
455 598 495 657 de
517 596 752 673 discipulorum
775 596 839 657 dis-

81 695 239 756 tractione
262 705 295 756 et
316 703 463 756 materno
487 711 653 770 maerore,
682 695 721 754 de
749 695 838 771 gravi

82 793 235 853 scandalo
257 792 434 853 multorum
459 801 491 851 et
513 791 694 853 diffidentia
715 811 839 869 eorum,

82 891 136 967 qui
172 891 213 950 de
249 889 492 950 resurrectione
526 899 582 950 tua
615 891 839 968 desperabant.

83 989 165 1049 Nam
189 989 260 1048 sola
280 988 422 1064 gloriosa
443 997 594 1064 exempta
612 989 739 1065 virgine
754 999 862 1050 cete-s

82 1102 192 1145 rorum
224 1086 357 1146 nutabat
387 1085 470 1145 fides
497 1096 552 1146 aut
582 1088 724 1148 extincta
751 1089 840 1149 vide·

82 1185 184 1244 batur.

121 1281 151 1343 Ο
182 1281 336 1358 religiose
359 1281 485 1343 Christi
514 1282 691 1360 discipule,
721 1283 840 1344 festina

83 1389 113 1440 et
147 1389 183 1440 tu
220 1379 380 1456 mysticae
416 1381 523 1441 crucis
558 1381 717 1442 baiulator
750 1381 840 1458 lieri3

83 1493 202 1537 conare
225 1477 441 1554 redemptoris
462 1478 509 1537 tui
526 1478 664 1556 vestigia
685 1479 789 1556 sequi,
811 1479 838 1539 si
851 1500 875 1542 ro

8 1573 9 1578 ’
83 1584 175 1652 optas
204 1584 338 1636 aeterna
364 1575 481 1652 gaudia
502 1576 647 1653 adipisci.
689 1577 765 1636 Non
787 1577 840 1636 ab·

8 1725 9 1732 ,
83 1674 259 1735 horrescas
286 1676 420 1735 brevem
449 1674 666 1751 paenitentiae
694 1675 837 1734 laborem

83 1787 143 1831 nec
160 1771 246 1832 velis
265 1771 460 1849 disciplinae
481 1771 585 1832 minui
608 1771 758 1848 rigorem,
780 1771 838 1831 sed

8 1929 9 1938 ,
83 1867 248 1929 modicum
264 1877 297 1928 et
311 1869 385 1929 leve
400 1878 524 1945 reputa,
543 1869 700 1946 quidquid
715 1869 839 1929 ordinis

8 2005 9 2008 κ
83 1964 245 2025 institutio
274 1965 380 2042 iubet3
409 1974 573 2042 gratanter
600 1966 717 2043 imple,
748 1967 875 2044 quid-rs

83 2061 159 2137 quid
191 2070 303 2121 sancta
332 2063 537 2124 oboedientia
566 2066 757 2141 expostulat.
804 2064 837 2125 Si

83 2159 218 2219 difficile
240 2159 366 2220 iudicas
381 2161 469 2221 omni
486 2161 640 2223 oboedire
657 2171 841 2239 praecepto,

84 2257 217 2318 noveris
254 2257 425 2319 Christum
467 2276 527 2335 pro
569 2269 600 2320 te
637 2259 841 2337 gravioribus

9 2365 10 2430 J
85 2357 234 2433 paruisse
263 2356 447 2433 praeceptis
475 2357 515 2416 ad
546 2367 684 2418 mortem
715 2357 841 2418 scilicet

9 2443 11 2492 ἦ
85 2454 354 2532 despectissimae
378 2454 495 2515 crucis.
535 2456 666 2516 Patrum
689 2472 765 2532 ergo
788 2463 877 2515 cu·2⁰

85 2553 169 2613 stodi
193 2552 338 2629 regulam
367 2551 530 2627 strictam,
559 2569 624 2612 non
654 2553 770 2613 desere
792 2569 843 2612 se·

85 2649 215 2726 mitam,
245 2666 330 2726 quae
352 2649 441 2710 ducit
462 2651 502 2710 ad
524 2667 670 2727 regnum.
714 2650 843 2711 Mollio-

85 2765 153 2809 rem
177 2747 307 2808 declina
328 2757 470 2824 partem,
498 2764 582 2825 quae
604 2749 687 2808 solet
708 2748 843 2825 ignavos

86 2844 117 2905 in
164 2854 305 2906 taetrum
352 2848 482 2906 trahere
527 2845 635 2906 linem.
699 2845 842 2907 Crucem

11 3013 12 3016 Ἴ
86 2953 232 3004 sanctam
255 2937 371 3004 revera
392 2943 526 3019 subisti,
554 2961 628 3003 curn
652 2943 879 3020 religionemas

86 3039 232 3116 intrasti;
261 3041 349 3101 cruci
379 3042 485 3101 adhuc
506 3049 538 3100 te
560 3040 662 3101 artius
684 3041 844 3101 constrin-

86 3137 177 3214 xisti,
209 3154 284 3198 cum
311 3138 552 3214 professionem
575 3137 692 3198 iecisti.
736 3139 772 3200 ln
795 3156 844 3199 re·

86 3233 208 3311 ligione
231 3245 343 3295 sancte
365 3245 396 3295 et
418 3235 503 3296 iuste
526 3236 713 3295 conversari
741 3237 844 3296 cruci·

12 3377 13 3424 4
88 3331 187 3393 lixum
210 3341 261 3392 est
282 3332 412 3393 imitari.
455 3332 598 3394 Crucem
623 3334 748 3395 baiulas
769 3351 845 3411 gau·

88 3429 220 3506 denter,
248 3430 276 3489 si
304 3429 337 3490 in
366 3431 480 3492 ordine
508 3430 640 3508 prolicis
670 3431 881 3492 lerventer.so

91 3525 124 3586 Si
153 3527 256 3589 invite
284 3538 412 3590 etcum
435 3546 602 3590 murmure
623 3537 750 3605 portas,
779 3544 843 3588 non

452 3634 490 3676 roo
