2142 4172
222 609 381 669 bonorum
403 607 519 684 gaudia
539 608 747 670 certificando
769 625 827 668 eos
849 608 889 668 de
910 609 981 685 glo·

223 706 310 766 riosa
331 705 573 765 resurrectione
595 716 650 766 tua
670 705 766 765 tertia
793 705 846 765 die
869 705 981 765 lutura

224 811 255 863 et
277 801 478 878 apparitione
492 803 635 864 iucunda
656 804 690 864 in
711 814 800 864 certo
823 813 855 863 et
877 803 980 863 notis-

224 900 307 960 simo
330 899 411 976 ipsis
433 902 515 976 loco,
537 901 570 961 in
586 911 697 963 monte
712 900 841 962 Thabor
862 901 896 961 in
913 901 981 962 Ga·
1048 943 1049 950 κ

200 998 318 1061 slilaea
339 997 593 1073 constituto‚·in
623 1017 686 1076 qua
714 999 791 1059 olim
823 998 916 1075 signa
948 1007 981 1058 et
1048 1019 1049 1024 ¹

224 1095 379 1156 miracula
409 1095 510 1155 multa
532 1096 639 1157 fecisti
668 1113 777 1157 coram
807 1095 980 1172 discipulis

223 1193 288 1253 tuis
310 1201 342 1252 et
364 1192 451 1253 omni
474 1195 604 1270 populo.

264 1289 294 1351 O
311 1289 468 1366 Galilaea,
487 1300 575 1352 terra
589 1301 709 1367 sancta,
726 1291 850 1353 Christi
867 1292 981 1368 patria,

224 1388 257 1447 in
280 1405 343 1464 qua
365 1387 426 1447 sita
457 1398 507 1449 est
530 1389 691 1449 Nazareth
721 1388 836 1449 civitas
865 1389 982 1449 florida

190 1486 318 1562 todicta,
340 1503 436 1562 quam
459 1486 650 1547 inhabitavit
670 1494 703 1566 et
725 1486 900 1547 illustravit
921 1504 982 1546 sua

222 1583 407 1660 praesentia
428 1584 481 1659 pia
495 1584 586 1660 virgo
602 1583 716 1659 illaria,
738 1601 779 1644 ex
800 1601 863 1661 qua
885 1584 982 1660 prod-

224 1681 332 1740 ierunt
344 1680 440 1741 nobis
453 1681 568 1741 salutis
580 1691 710 1741 nostrae
720 1682 836 1758 gaudia
848 1691 983 1741 aeterna

224 1777 257 1837 in
280 1777 402 1838 sanctis
425 1778 605 1855 evangeliis
626 1779 757 1855 scripta.

266 1875 375 1936 Laudo
398 1885 430 1935 et
451 1877 632 1937 honorifico
655 1886 702 1953 te,
725 1878 817 1953 lesu,
846 1895 905 1953 pro
927 1885 984 1936 tua

190 1991 341 2051 rsmagna
372 1975 561 2050 clementia,
599 1976 686 2052 quod
717 1976 756 2036 ad
787 1984 913 2036 certum
952 1984 984 2034 et

225 2081 389 2132 secretum
412 2081 559 2133 sanctum
582 2073 690 2133 locum
707 2071 850 2133 invitasti
866 2071 982 2131 venire

225 2169 404 2246 discipulos
421 2178 495 2230 tuos
517 2188 536 2230 a
550 2170 773 2231 saecularibus
787 2168 983 2229 tumultibus

225 2276 429 2345 segregatum
452 2276 484 2327 et
506 2268 545 2327 ad
567 2268 676 2328 divina
704 2267 864 2328 audienda
892 2284 982 2327 man-

226 2365 298 2424 data
328 2374 437 2440 aptum
469 2373 501 2424 et
531 2366 690 2440 electum,
725 2365 759 2425 in
794 2382 858 2441 quo
890 2365 981 2440 prius

189 2480 335 2523 ancoram
358 2462 461 2522 tribus
484 2463 622 2524 testibus
644 2462 782 2537 idoneis,
805 2462 912 2535 Petro,
936 2462 982 2521 la-

227 2561 308 2620 cobo
324 2568 356 2619 et
373 2559 517 2620 Iohanne
533 2560 605 2620 aliis
621 2560 811 2621 absentibus
825 2559 981 2635 apostolis

227 2656 317 2716 luisti
340 2655 587 2732 transfiguratus
612 2665 644 2716 et
673 2674 691 2716 a
714 2657 809 2717 Patre
831 2673 912 2716 voce
941 2657 980 2716 de

227 2754 317 2814 caelo
340 2754 429 2829 lapsa
443 2754 615 2830 magnilica
629 2754 773 2815 claritate
795 2754 928 2814 indutus
949 2763 981 2826 et

228 2853 400 2912 decoratus
416 2861 447 2912 et
462 2851 502 2910 ad
517 2852 730 2912 roborandam
747 2853 979 2929 discipulorum

192 2950 325 3012 aelidem
355 2958 429 3009 ante
457 2949 644 3025 passionem
673 2960 761 3010 tuam
784 2959 912 3011 secreta
933 2968 980 3010 re-

228 3048 390 3108 velatione
412 3046 648 3108 manifestatus

269 3146 333 3207 Sed
369 3146 402 3206 in
438 3147 498 3206 hac
534 3146 740 3222 apertissima
781 3146 980 3223 apparitione

228 3254 302 3321 post
315 3243 586 3321 gloriosissimam
603 3243 878 3304 resurrectionem
894 3253 979 3304 tuam

229 3359 338 3402 coram
380 3342 595 3418 amplioribus
630 3341 801 3417 discipulis
843 3343 910 3403 tuis
950 3351 981 3402 te

192 3439 445 3503 aomanilestasti
475 3440 626 3501 credulos
657 3439 896 3516 confirmando,
927 3440 981 3500 du-

229 3536 340 3596 biosos
362 3537 588 3613 certificando,
616 3554 732 3597 omnes
753 3537 806 3614 pie
835 3537 979 3598 docendo

587 3641 628 3683 sao
