<?xml version="1.0" encoding="UTF-8"?>
<!DOCTYPE html PUBLIC "-//W3C//DTD XHTML 1.0 Transitional//EN"
    "http://www.w3.org/TR/xhtml1/DTD/xhtml1-transitional.dtd">
<html xmlns="http://www.w3.org/1999/xhtml" xml:lang="en" lang="en">
 <head>
  <title>
</title>
<meta http-equiv="Content-Type" content="text/html;charset=utf-8" />
  <meta name='ocr-system' content='tesseract 3.04.00' />
  <meta name='ocr-capabilities' content='ocr_page ocr_carea ocr_par ocr_line ocrx_word'/>
</head>
<body>
  <div class='ocr_page' id='page_1' title='image "./thomaehemerkena02pohlgoog_0427.png"; bbox 0 0 2144 4168; ppageno 0'>
   <div class='ocr_carea' id='block_1_1' title="bbox 514 514 680 569">
    <p class='ocr_par' dir='ltr' id='par_1_1' title="bbox 514 514 680 569">
     <span class='ocr_line' id='line_1_1' title="bbox 514 514 680 569; baseline -0.006 -12"><span class='ocrx_word' id='word_1_1' title='bbox 514 514 680 569; x_wconf 76' lang='lat' dir='ltr'><strong><em>Epllegomena.</em></strong></span> 
     </span>
    </p>
   </div>
   <div class='ocr_carea' id='block_1_2' title="bbox 215 665 1058 1385">
    <p class='ocr_par' dir='ltr' id='par_1_2' title="bbox 280 665 860 742">
     <span class='ocr_line' id='line_1_2' title="bbox 280 665 860 742; baseline -0.009 -16"><span class='ocrx_word' id='word_1_2' title='bbox 280 665 392 742; x_wconf 72' lang='lat' dir='ltr'><strong><em>syndo,</em></strong></span> <span class='ocrx_word' id='word_1_3' title='bbox 414 667 538 742; x_wconf 76' lang='lat' dir='ltr'><strong><em>sydera,</em></strong></span> <span class='ocrx_word' id='word_1_4' title='bbox 559 665 712 740; x_wconf 77' lang='lat' dir='ltr'><strong><em>ydoneus,</em></strong></span> <span class='ocrx_word' id='word_1_5' title='bbox 733 678 860 738; x_wconf 77' lang='lat' dir='ltr'><strong><em>ymago,</em></strong></span> 
     </span>
    </p>

    <p class='ocr_par' dir='ltr' id='par_1_3' title="bbox 220 743 1058 915">
     <span class='ocr_line' id='line_1_3' title="bbox 280 743 974 816; baseline -0.009 -10"><span class='ocrx_word' id='word_1_6' title='bbox 280 747 542 816; x_wconf 82' lang='lat' dir='ltr'><em>abhominabilis,</em></span> <span class='ocrx_word' id='word_1_7' title='bbox 565 745 762 814; x_wconf 78' lang='lat' dir='ltr'><strong><em>habundare,</em></strong></span> <span class='ocrx_word' id='word_1_8' title='bbox 783 743 974 811; x_wconf 89' lang='lat' dir='ltr'><strong><em>archanum,</em></strong></span> 
     </span>
     <span class='ocr_line' id='line_1_4' title="bbox 220 829 1058 915; baseline -0.007 -27"><span class='ocrx_word' id='word_1_9' title='bbox 220 829 418 898; x_wconf 81' lang='lat' dir='ltr'><strong><em>choruscare,</em></strong></span> <span class='ocrx_word' id='word_1_10' title='bbox 861 902 867 915; x_wconf 94' lang='lat'><strong>.</strong></span> <span class='ocrx_word' id='word_1_11' title='bbox 1057 883 1058 890; x_wconf 42' lang='lat'><strong><em>,</em></strong></span> 
     </span>
    </p>

    <p class='ocr_par' dir='ltr' id='par_1_4' title="bbox 221 903 973 1058">
     <span class='ocr_line' id='line_1_5' title="bbox 281 903 973 978; baseline -0.007 -12"><span class='ocrx_word' id='word_1_12' title='bbox 281 907 444 978; x_wconf 79' lang='lat' dir='ltr'><strong><em>heremita,</em></strong></span> <span class='ocrx_word' id='word_1_13' title='bbox 467 908 621 977; x_wconf 91' lang='lat' dir='ltr'><strong><em>heremus,</em></strong></span> <span class='ocrx_word' id='word_1_14' title='bbox 637 904 839 974; x_wconf 87' lang='lat' dir='ltr'><strong><em>iherusalem,</em></strong></span> <span class='ocrx_word' id='word_1_15' title='bbox 856 903 973 973; x_wconf 74' lang='lat' dir='ltr'><strong><em>ihesus,</em></strong></span> 
     </span>
     <span class='ocr_line' id='line_1_6' title="bbox 221 987 386 1058; baseline 0 -12"><span class='ocrx_word' id='word_1_16' title='bbox 221 987 386 1058; x_wconf 85' lang='lat' dir='ltr'><strong><em>lintheum,</em></strong></span> 
     </span>
    </p>

    <p class='ocr_par' dir='ltr' id='par_1_5' title="bbox 215 1061 972 1224">
     <span class='ocr_line' id='line_1_7' title="bbox 279 1061 972 1142; baseline -0.007 -15"><span class='ocrx_word' id='word_1_17' title='bbox 279 1067 392 1138; x_wconf 92' lang='lat' dir='ltr'><strong><em>michi,</em></strong></span> <span class='ocrx_word' id='word_1_18' title='bbox 415 1067 525 1138; x_wconf 91' lang='lat' dir='ltr'><strong><em>nichil,</em></strong></span> <span class='ocrx_word' id='word_1_19' title='bbox 544 1065 758 1142; x_wconf 80' lang='lat' dir='ltr'><strong><em>perhenniter,</em></strong></span> <span class='ocrx_word' id='word_1_20' title='bbox 777 1064 880 1140; x_wconf 93' lang='lat' dir='ltr'><strong><em>proch</em></strong></span> <span class='ocrx_word' id='word_1_21' title='bbox 901 1061 972 1140; x_wconf 90' lang='lat' dir='ltr'><strong><em>(pro</em></strong></span> 
     </span>
     <span class='ocr_line' id='line_1_8' title="bbox 215 1147 548 1224; baseline -0.003 -17"><span class='ocrx_word' id='word_1_22' title='bbox 215 1164 275 1223; x_wconf 96' lang='lat' dir='ltr'><strong><em>pro</em></strong></span> <span class='ocrx_word' id='word_1_23' title='bbox 297 1147 548 1224; x_wconf 90' lang='lat' dir='ltr'><strong><em>interiectione),</em></strong></span> 
     </span>
    </p>

    <p class='ocr_par' dir='ltr' id='par_1_6' title="bbox 217 1227 972 1385">
     <span class='ocr_line' id='line_1_9' title="bbox 279 1227 972 1303; baseline -0.007 -16"><span class='ocrx_word' id='word_1_24' title='bbox 279 1229 369 1298; x_wconf 91' lang='lat' dir='ltr'><strong><em>thus,</em></strong></span> <span class='ocrx_word' id='word_1_25' title='bbox 389 1244 522 1303; x_wconf 73' lang='lat' dir='ltr'><strong><em>ymnus,</em></strong></span> <span class='ocrx_word' id='word_1_26' title='bbox 543 1227 674 1298; x_wconf 90' lang='lat' dir='ltr'><strong><em>cristus,</em></strong></span> <span class='ocrx_word' id='word_1_27' title='bbox 697 1227 859 1296; x_wconf 81' lang='lat' dir='ltr'><strong><em>ebdomas,</em></strong></span> <span class='ocrx_word' id='word_1_28' title='bbox 885 1229 972 1284; x_wconf 92' lang='lat' dir='ltr'><strong><em>ortus</em></strong></span> 
     </span>
     <span class='ocr_line' id='line_1_10' title="bbox 217 1308 741 1385; baseline -0.004 -17"><span class='ocrx_word' id='word_1_29' title='bbox 217 1309 289 1385; x_wconf 89' lang='lat' dir='ltr'><strong><em>(pro</em></strong></span> <span class='ocrx_word' id='word_1_30' title='bbox 313 1309 447 1384; x_wconf 88' lang='lat' dir='ltr'><strong><em>hortus),</em></strong></span> <span class='ocrx_word' id='word_1_31' title='bbox 466 1308 620 1383; x_wconf 91' lang='lat' dir='ltr'><strong><em>pascalis,</em></strong></span> <span class='ocrx_word' id='word_1_32' title='bbox 642 1308 741 1378; x_wconf 94' lang='lat' dir='ltr'><strong><em>scola,</em></strong></span> 
     </span>
    </p>
   </div>
   <div class='ocr_carea' id='block_1_3' title="bbox 155 1411 970 1804">
    <p class='ocr_par' dir='ltr' id='par_1_7' title="bbox 155 1411 970 1804">
     <span class='ocr_line' id='line_1_11' title="bbox 277 1411 970 1489; baseline -0.006 -17"><span class='ocrx_word' id='word_1_33' title='bbox 277 1412 395 1472; x_wconf 91' lang='lat' dir='ltr'><strong><em>deinde</em></strong></span> <span class='ocrx_word' id='word_1_34' title='bbox 434 1430 458 1489; x_wconf 96' lang='lat' dir='ltr'><strong><em>p</em></strong></span> <span class='ocrx_word' id='word_1_35' title='bbox 494 1413 576 1473; x_wconf 87' lang='lat' dir='ltr'><strong><em>falso</em></strong></span> <span class='ocrx_word' id='word_1_36' title='bbox 611 1411 856 1488; x_wconf 86' lang='lat' dir='ltr'><strong><em>interpositam:</em></strong></span> <span class='ocrx_word' id='word_1_37' title='bbox 899 1426 970 1470; x_wconf 92' lang='lat' dir='ltr'><strong><em>con-</em></strong></span> 
     </span>
     <span class='ocr_line' id='line_1_12' title="bbox 217 1494 969 1582; baseline -0.003 -31"><span class='ocrx_word' id='word_1_38' title='bbox 217 1497 393 1569; x_wconf 80' lang='lat' dir='ltr'><strong><em>tempnere,</em></strong></span> <span class='ocrx_word' id='word_1_39' title='bbox 415 1494 628 1569; x_wconf 91' lang='lat' dir='ltr'><strong><em>dampnatus,</em></strong></span> <span class='ocrx_word' id='word_1_40' title='bbox 651 1494 845 1569; x_wconf 91' lang='lat' dir='ltr'><strong><em>dampnum,</em></strong></span> <span class='ocrx_word' id='word_1_41' title='bbox 867 1506 969 1582; x_wconf 89' lang='lat' dir='ltr'><strong><em>somp-</em></strong></span> 
     </span>
     <span class='ocr_line' id='line_1_13' title="bbox 155 1570 968 1649; baseline -0.004 -18"><span class='ocrx_word' id='word_1_42' title='bbox 155 1617 159 1630; x_wconf 88' lang='lat'>.</span> <span class='ocrx_word' id='word_1_43' title='bbox 217 1574 376 1644; x_wconf 91' lang='lat' dir='ltr'><strong><em>nolentus,</em></strong></span> <span class='ocrx_word' id='word_1_44' title='bbox 397 1578 637 1649; x_wconf 84' lang='lat' dir='ltr'><strong><em>verumptamen</em></strong></span> <span class='ocrx_word' id='word_1_45' title='bbox 645 1589 657 1643; x_wconf 92' lang='lat'><em>;</em></span> <span class='ocrx_word' id='word_1_46' title='bbox 683 1582 751 1633; x_wconf 89' lang='lat' dir='ltr'><strong><em>tum</em></strong></span> <span class='ocrx_word' id='word_1_47' title='bbox 774 1570 968 1632; x_wconf 84' lang='lat' dir='ltr'><strong><em>adsimilano</em></strong></span> 
     </span>
     <span class='ocr_line' id='line_1_14' title="bbox 217 1651 967 1730; baseline -0.004 -18"><span class='ocrx_word' id='word_1_48' title='bbox 217 1670 299 1730; x_wconf 88' lang='lat' dir='ltr'><strong><em>quae</em></strong></span> <span class='ocrx_word' id='word_1_49' title='bbox 331 1653 449 1714; x_wconf 91' lang='lat' dir='ltr'><strong><em>dicitur</em></strong></span> <span class='ocrx_word' id='word_1_50' title='bbox 483 1671 638 1730; x_wconf 86' lang='lat' dir='ltr'><strong><em>perversa</em></strong></span> <span class='ocrx_word' id='word_1_51' title='bbox 672 1651 967 1730; x_wconf 85' lang='lat' dir='ltr'><strong><em>praepositionum:</em></strong></span> 
     </span>
     <span class='ocr_line' id='line_1_15' title="bbox 216 1733 606 1804; baseline -0.003 -10"><span class='ocrx_word' id='word_1_52' title='bbox 216 1733 392 1804; x_wconf 91' lang='lat' dir='ltr'><strong><em>ammirari,</em></strong></span> <span class='ocrx_word' id='word_1_53' title='bbox 414 1750 606 1804; x_wconf 92' lang='lat' dir='ltr'><strong><em>ammonere,</em></strong></span> 
     </span>
    </p>
   </div>
   <div class='ocr_carea' id='block_1_4' title="bbox 216 1838 968 1997">
    <p class='ocr_par' dir='ltr' id='par_1_8' title="bbox 216 1838 968 1997">
     <span class='ocr_line' id='line_1_16' title="bbox 276 1838 967 1916; baseline -0.001 -18"><span class='ocrx_word' id='word_1_54' title='bbox 276 1839 417 1916; x_wconf 85' lang='lat' dir='ltr'><strong><em>denique</em></strong></span> <span class='ocrx_word' id='word_1_55' title='bbox 433 1840 524 1914; x_wconf 90' lang='lat' dir='ltr'><strong><em>haec,</em></strong></span> <span class='ocrx_word' id='word_1_56' title='bbox 540 1857 623 1916; x_wconf 86' lang='lat' dir='ltr'><strong><em>quae</em></strong></span> <span class='ocrx_word' id='word_1_57' title='bbox 637 1838 759 1916; x_wconf 89' lang='lat' dir='ltr'><strong><em>passim</em></strong></span> <span class='ocrx_word' id='word_1_58' title='bbox 776 1847 967 1898; x_wconf 89' lang='lat' dir='ltr'><strong><em>occurrunt:</em></strong></span> 
     </span>
     <span class='ocr_line' id='line_1_17' title="bbox 216 1919 968 1997; baseline -0.003 -18"><span class='ocrx_word' id='word_1_59' title='bbox 216 1920 352 1990; x_wconf 87' lang='lat' dir='ltr'><strong><em>accidia,</em></strong></span> <span class='ocrx_word' id='word_1_60' title='bbox 364 1920 563 1994; x_wconf 75' lang='lat' dir='ltr'><strong><em>elemosynis,</em></strong></span> <span class='ocrx_word' id='word_1_61' title='bbox 573 1919 740 1997; x_wconf 84' lang='lat' dir='ltr'><strong><em>fantasiis,</em></strong></span> <span class='ocrx_word' id='word_1_62' title='bbox 750 1921 968 1996; x_wconf 84' lang='lat' dir='ltr'><strong><em>fantasmata,</em></strong></span> 
     </span>
    </p>
   </div>
   <div class='ocr_carea' id='block_1_5' title="bbox 214 1999 1058 2156">
    <p class='ocr_par' dir='ltr' id='par_1_9' title="bbox 214 1999 1058 2156">
     <span class='ocr_line' id='line_1_18' title="bbox 217 1999 1058 2075; baseline -0.002 -16"><span class='ocrx_word' id='word_1_63' title='bbox 217 2001 423 2075; x_wconf 88' lang='lat' dir='ltr'><strong><em>nephandus,</em></strong></span> <span class='ocrx_word' id='word_1_64' title='bbox 446 1999 626 2070; x_wconf 87' lang='lat' dir='ltr'><strong><em>humilima,</em></strong></span> <span class='ocrx_word' id='word_1_65' title='bbox 650 2000 816 2070; x_wconf 87' lang='lat' dir='ltr'><strong><em>iocundus,</em></strong></span> <span class='ocrx_word' id='word_1_66' title='bbox 840 1999 968 2059; x_wconf 91' lang='lat' dir='ltr'><strong><em>tondere</em></strong></span> <span class='ocrx_word' id='word_1_67' title='bbox 1057 2063 1058 2070; x_wconf 8' lang='grc' dir='ltr'>χ</span> 
     </span>
     <span class='ocr_line' id='line_1_19' title="bbox 214 2079 1058 2156; baseline -0.001 -17"><span class='ocrx_word' id='word_1_68' title='bbox 214 2079 285 2155; x_wconf 82' lang='lat' dir='ltr'><strong><em>(pro</em></strong></span> <span class='ocrx_word' id='word_1_69' title='bbox 308 2080 461 2156; x_wconf 83' lang='lat' dir='ltr'><strong><em>tundere),</em></strong></span> <span class='ocrx_word' id='word_1_70' title='bbox 485 2080 764 2150; x_wconf 90' lang='lat' dir='ltr'><strong><em>immarcessibilis,</em></strong></span> <span class='ocrx_word' id='word_1_71' title='bbox 785 2084 966 2148; x_wconf 86' lang='lat' dir='ltr'><strong><em>strennuus,</em></strong></span> <span class='ocrx_word' id='word_1_72' title='bbox 1057 2097 1058 2100; x_wconf 45' lang='lat'>¹</span> 
     </span>
    </p>
   </div>
   <div class='ocr_carea' id='block_1_6' title="bbox 214 2159 967 2475">
    <p class='ocr_par' dir='ltr' id='par_1_10' title="bbox 214 2159 967 2475">
     <span class='ocr_line' id='line_1_20' title="bbox 215 2159 967 2236; baseline -0.001 -17"><span class='ocrx_word' id='word_1_73' title='bbox 215 2160 363 2219; x_wconf 87' lang='lat' dir='ltr'><strong><em>tollerare</em></strong></span> <span class='ocrx_word' id='word_1_74' title='bbox 385 2159 579 2236; x_wconf 88' lang='lat' dir='ltr'><strong><em>similiaque.</em></strong></span> <span class='ocrx_word' id='word_1_75' title='bbox 623 2161 692 2220; x_wconf 92' lang='lat' dir='ltr'><strong><em>Nec</em></strong></span> <span class='ocrx_word' id='word_1_76' title='bbox 721 2160 841 2220; x_wconf 89' lang='lat' dir='ltr'><strong><em>desunt</em></strong></span> <span class='ocrx_word' id='word_1_77' title='bbox 865 2159 967 2235; x_wconf 91' lang='lat' dir='ltr'><strong><em>dupli·</em></strong></span> 
     </span>
     <span class='ocr_line' id='line_1_21' title="bbox 215 2239 965 2315; baseline 0.001 -17"><span class='ocrx_word' id='word_1_78' title='bbox 215 2239 296 2300; x_wconf 89' lang='lat' dir='ltr'><strong><em>citer</em></strong></span> <span class='ocrx_word' id='word_1_79' title='bbox 307 2240 388 2300; x_wconf 85' lang='lat' dir='ltr'><strong><em>falsa</em></strong></span> <span class='ocrx_word' id='word_1_80' title='bbox 397 2240 498 2300; x_wconf 86' lang='lat' dir='ltr'><strong><em>veluti</em></strong></span> <span class='ocrx_word' id='word_1_81' title='bbox 508 2257 515 2299; x_wconf 75' lang='grc' dir='ltr'>ε</span> <span class='ocrx_word' id='word_1_82' title='bbox 526 2241 788 2310; x_wconf 88' lang='lat' dir='ltr'><strong><em>ammoniciones,</em></strong></span> <span class='ocrx_word' id='word_1_83' title='bbox 800 2256 965 2315; x_wconf 88' lang='lat' dir='ltr'><strong><em>erumpno,</em></strong></span> 
     </span>
     <span class='ocr_line' id='line_1_22' title="bbox 214 2320 966 2395; baseline 0.003 -17"><span class='ocrx_word' id='word_1_84' title='bbox 214 2320 389 2395; x_wconf 74' lang='lat' dir='ltr'><strong><em>lachryme,</em></strong></span> <span class='ocrx_word' id='word_1_85' title='bbox 412 2320 530 2391; x_wconf 90' lang='lat' dir='ltr'><strong><em>leticia,</em></strong></span> <span class='ocrx_word' id='word_1_86' title='bbox 547 2321 676 2392; x_wconf 91' lang='lat' dir='ltr'><strong><em>mirrha,</em></strong></span> <span class='ocrx_word' id='word_1_87' title='bbox 697 2321 893 2391; x_wconf 85' lang='lat' dir='ltr'><strong><em>obediencia,</em></strong></span> <span class='ocrx_word' id='word_1_88' title='bbox 912 2336 966 2395; x_wconf 89' lang='lat' dir='ltr'><strong><em>pe-</em></strong></span> 
     </span>
     <span class='ocr_line' id='line_1_23' title="bbox 214 2400 568 2475; baseline 0 -16"><span class='ocrx_word' id='word_1_89' title='bbox 214 2400 365 2472; x_wconf 91' lang='lat' dir='ltr'><strong><em>nitencia,</em></strong></span> <span class='ocrx_word' id='word_1_90' title='bbox 387 2401 568 2475; x_wconf 87' lang='lat' dir='ltr'><strong><em>solempnis.</em></strong></span> 
     </span>
    </p>
   </div>
   <div class='ocr_carea' id='block_1_7' title="bbox 272 2519 964 2601">
    <p class='ocr_par' dir='ltr' id='par_1_11' title="bbox 272 2519 964 2601">
     <span class='ocr_line' id='line_1_24' title="bbox 272 2519 964 2601; baseline 0.006 -21"><span class='ocrx_word' id='word_1_91' title='bbox 272 2519 405 2581; x_wconf 86' lang='lat' dir='ltr'><strong><em>Talibus</em></strong></span> <span class='ocrx_word' id='word_1_92' title='bbox 435 2522 550 2599; x_wconf 87' lang='lat' dir='ltr'><strong><em>igitur,</em></strong></span> <span class='ocrx_word' id='word_1_93' title='bbox 586 2541 669 2601; x_wconf 86' lang='lat' dir='ltr'><strong><em>quae</em></strong></span> <span class='ocrx_word' id='word_1_94' title='bbox 700 2525 796 2586; x_wconf 89' lang='lat' dir='ltr'><strong><em>tacite</em></strong></span> <span class='ocrx_word' id='word_1_95' title='bbox 827 2525 964 2600; x_wconf 85' lang='lat' dir='ltr'><strong><em>correxi,</em></strong></span> 
     </span>
    </p>
   </div>
   <div class='ocr_carea' id='block_1_8' title="bbox 213 2600 1058 2681">
    <p class='ocr_par' dir='ltr' id='par_1_12' title="bbox 213 2600 1058 2681">
     <span class='ocr_line' id='line_1_25' title="bbox 213 2600 1058 2681; baseline 0.009 -22"><span class='ocrx_word' id='word_1_96' title='bbox 213 2600 403 2661; x_wconf 86' lang='lat' dir='ltr'><strong><em>adnotandis</em></strong></span> <span class='ocrx_word' id='word_1_97' title='bbox 418 2603 536 2663; x_wconf 87' lang='lat' dir='ltr'><strong><em>bonam</em></strong></span> <span class='ocrx_word' id='word_1_98' title='bbox 552 2605 695 2665; x_wconf 88' lang='lat' dir='ltr'><strong><em>chartam</em></strong></span> <span class='ocrx_word' id='word_1_99' title='bbox 710 2605 849 2681; x_wconf 86' lang='lat' dir='ltr'><strong><em>perdere</em></strong></span> <span class='ocrx_word' id='word_1_100' title='bbox 864 2606 964 2666; x_wconf 92' lang='lat' dir='ltr'><strong><em>nolui.</em></strong></span> <span class='ocrx_word' id='word_1_101' title='bbox 1057 2601 1058 2608; x_wconf 60' lang='lat'><em>&#39;</em></span> 
     </span>
    </p>
   </div>
   <div class='ocr_carea' id='block_1_9' title="bbox 208 2680 964 3641">
    <p class='ocr_par' dir='ltr' id='par_1_13' title="bbox 208 2680 964 3641">
     <span class='ocr_line' id='line_1_26' title="bbox 213 2680 964 2763; baseline 0.007 -21"><span class='ocrx_word' id='word_1_102' title='bbox 213 2680 337 2742; x_wconf 86' lang='lat' dir='ltr'><strong><em>Contra</em></strong></span> <span class='ocrx_word' id='word_1_103' title='bbox 356 2682 418 2742; x_wconf 88' lang='lat' dir='ltr'><strong><em>alia</em></strong></span> <span class='ocrx_word' id='word_1_104' title='bbox 432 2684 581 2759; x_wconf 88' lang='lat' dir='ltr'><strong><em>quamvis</em></strong></span> <span class='ocrx_word' id='word_1_105' title='bbox 596 2683 740 2746; x_wconf 88' lang='lat' dir='ltr'><strong><em>Thomae</em></strong></span> <span class='ocrx_word' id='word_1_106' title='bbox 756 2687 964 2763; x_wconf 87' lang='lat' dir='ltr'><strong><em>autographis</em></strong></span> 
     </span>
     <span class='ocr_line' id='line_1_27' title="bbox 212 2763 961 2838; baseline 0.012 -19"><span class='ocrx_word' id='word_1_107' title='bbox 212 2777 342 2838; x_wconf 87' lang='lat' dir='ltr'><strong><em>quoque</em></strong></span> <span class='ocrx_word' id='word_1_108' title='bbox 378 2763 649 2824; x_wconf 85' lang='lat' dir='ltr'><strong><em>Bruxellensibus</em></strong></span> <span class='ocrx_word' id='word_1_109' title='bbox 692 2775 724 2826; x_wconf 87' lang='lat' dir='ltr'><strong><em>et</em></strong></span> <span class='ocrx_word' id='word_1_110' title='bbox 767 2767 961 2828; x_wconf 91' lang='lat' dir='ltr'><strong><em>Lovaniensi</em></strong></span> 
     </span>
     <span class='ocr_line' id='line_1_28' title="bbox 211 2841 963 2909; baseline 0.012 -10"><span class='ocrx_word' id='word_1_111' title='bbox 211 2841 326 2901; x_wconf 87' lang='lat' dir='ltr'><strong><em>tradita</em></strong></span> <span class='ocrx_word' id='word_1_112' title='bbox 347 2851 454 2902; x_wconf 86' lang='lat' dir='ltr'><strong><em>tamen</em></strong></span> <span class='ocrx_word' id='word_1_113' title='bbox 477 2861 495 2903; x_wconf 93' lang='lat' dir='ltr'><strong><em>a</em></strong></span> <span class='ocrx_word' id='word_1_114' title='bbox 515 2845 753 2906; x_wconf 89' lang='lat' dir='ltr'><strong><em>recentioribus</em></strong></span> <span class='ocrx_word' id='word_1_115' title='bbox 769 2847 963 2909; x_wconf 89' lang='lat' dir='ltr'><strong><em>Imitationis</em></strong></span> 
     </span>
     <span class='ocr_line' id='line_1_29' title="bbox 211 2921 963 3004; baseline 0.012 -24"><span class='ocrx_word' id='word_1_116' title='bbox 211 2921 366 2981; x_wconf 89' lang='lat' dir='ltr'><strong><em>librorum</em></strong></span> <span class='ocrx_word' id='word_1_117' title='bbox 383 2923 562 2984; x_wconf 91' lang='lat' dir='ltr'><strong><em>editoribus</em></strong></span> <span class='ocrx_word' id='word_1_118' title='bbox 577 2925 696 2986; x_wconf 90' lang='lat' dir='ltr'><strong><em>iniuria</em></strong></span> <span class='ocrx_word' id='word_1_119' title='bbox 709 2937 818 3003; x_wconf 88' lang='lat' dir='ltr'><strong><em>spreta</em></strong></span> <span class='ocrx_word' id='word_1_120' title='bbox 833 2928 963 3004; x_wconf 88' lang='lat' dir='ltr'><strong><em>retinui,</em></strong></span> 
     </span>
     <span class='ocr_line' id='line_1_30' title="bbox 211 3002 961 3080; baseline 0.012 -20"><span class='ocrx_word' id='word_1_121' title='bbox 211 3002 318 3078; x_wconf 89' lang='lat' dir='ltr'><strong><em>qualia</em></strong></span> <span class='ocrx_word' id='word_1_122' title='bbox 352 3012 428 3063; x_wconf 89' lang='lat' dir='ltr'><strong><em>sunt</em></strong></span> <span class='ocrx_word' id='word_1_123' title='bbox 468 3005 647 3080; x_wconf 88' lang='lat' dir='ltr'><strong><em>composita</em></strong></span> <span class='ocrx_word' id='word_1_124' title='bbox 681 3008 781 3067; x_wconf 88' lang='lat' dir='ltr'><strong><em>verba</em></strong></span> <span class='ocrx_word' id='word_1_125' title='bbox 821 3007 961 3070; x_wconf 84' lang='lat' dir='ltr'><strong><em>iaciendi</em></strong></span> 
     </span>
     <span class='ocr_line' id='line_1_31' title="bbox 210 3083 961 3160; baseline 0.013 -20"><span class='ocrx_word' id='word_1_126' title='bbox 210 3099 275 3141; x_wconf 95' lang='lat' dir='ltr'><strong><em>una</em></strong></span> <span class='ocrx_word' id='word_1_127' title='bbox 303 3083 314 3141; x_wconf 92' lang='lat' dir='ltr'><strong><em>i</em></strong></span> <span class='ocrx_word' id='word_1_128' title='bbox 342 3093 430 3143; x_wconf 86' lang='lat' dir='ltr'><strong><em>recte</em></strong></span> <span class='ocrx_word' id='word_1_129' title='bbox 452 3084 572 3160; x_wconf 87' lang='lat' dir='ltr'><strong><em>scripta</em></strong></span> <span class='ocrx_word' id='word_1_130' title='bbox 593 3086 710 3146; x_wconf 91' lang='lat' dir='ltr'><strong><em>veluti:</em></strong></span> <span class='ocrx_word' id='word_1_131' title='bbox 742 3089 881 3160; x_wconf 92' lang='lat' dir='ltr'><strong><em>abicere,</em></strong></span> <span class='ocrx_word' id='word_1_132' title='bbox 905 3091 961 3150; x_wconf 93' lang='lat' dir='ltr'><strong><em>ad-</em></strong></span> 
     </span>
     <span class='ocr_line' id='line_1_32' title="bbox 211 3161 960 3245; baseline 0.012 -24"><span class='ocrx_word' id='word_1_133' title='bbox 211 3161 300 3233; x_wconf 92' lang='lat' dir='ltr'><strong><em>icere,</em></strong></span> <span class='ocrx_word' id='word_1_134' title='bbox 322 3163 430 3235; x_wconf 91' lang='lat' dir='ltr'><strong><em>eicere,</em></strong></span> <span class='ocrx_word' id='word_1_135' title='bbox 453 3164 584 3236; x_wconf 90' lang='lat' dir='ltr'><strong><em>inicere,</em></strong></span> <span class='ocrx_word' id='word_1_136' title='bbox 616 3166 738 3228; x_wconf 93' lang='lat' dir='ltr'><strong><em>obicere</em></strong></span> <span class='ocrx_word' id='word_1_137' title='bbox 759 3168 834 3243; x_wconf 91' lang='lat' dir='ltr'><strong><em>rel.,</em></strong></span> <span class='ocrx_word' id='word_1_138' title='bbox 863 3186 960 3245; x_wconf 91' lang='lat' dir='ltr'><strong><em>porro</em></strong></span> 
     </span>
     <span class='ocr_line' id='line_1_33' title="bbox 209 3243 960 3321; baseline 0.013 -21"><span class='ocrx_word' id='word_1_139' title='bbox 209 3243 345 3314; x_wconf 90' lang='lat' dir='ltr'><strong><em>anulus,</em></strong></span> <span class='ocrx_word' id='word_1_140' title='bbox 367 3249 489 3316; x_wconf 91' lang='lat' dir='ltr'><strong><em>artare,</em></strong></span> <span class='ocrx_word' id='word_1_141' title='bbox 511 3251 617 3317; x_wconf 82' lang='lat' dir='ltr'><strong><em>artus,</em></strong></span> <span class='ocrx_word' id='word_1_142' title='bbox 639 3252 761 3319; x_wconf 88' lang='lat' dir='ltr'><strong><em>auctor,</em></strong></span> <span class='ocrx_word' id='word_1_143' title='bbox 784 3249 960 3321; x_wconf 88' lang='lat' dir='ltr'><strong><em>benivolus,</em></strong></span> 
     </span>
     <span class='ocr_line' id='line_1_34' title="bbox 208 3323 960 3401; baseline 0.011 -19"><span class='ocrx_word' id='word_1_144' title='bbox 208 3323 344 3394; x_wconf 86' lang='lat' dir='ltr'><strong><em>caritas,</em></strong></span> <span class='ocrx_word' id='word_1_145' title='bbox 365 3340 476 3395; x_wconf 90' lang='lat' dir='ltr'><strong><em>carus,</em></strong></span> <span class='ocrx_word' id='word_1_146' title='bbox 497 3342 620 3397; x_wconf 91' lang='lat' dir='ltr'><strong><em>cenare,</em></strong></span> <span class='ocrx_word' id='word_1_147' title='bbox 642 3327 832 3400; x_wconf 91' lang='lat' dir='ltr'><strong><em>cerimoniis,</em></strong></span> <span class='ocrx_word' id='word_1_148' title='bbox 854 3331 960 3401; x_wconf 90' lang='lat' dir='ltr'><strong><em>ceteri,</em></strong></span> 
     </span>
     <span class='ocr_line' id='line_1_35' title="bbox 208 3402 960 3481; baseline 0.013 -21"><span class='ocrx_word' id='word_1_149' title='bbox 208 3402 345 3477; x_wconf 90' lang='lat' dir='ltr'><strong><em>clipeus,</em></strong></span> <span class='ocrx_word' id='word_1_150' title='bbox 367 3408 581 3481; x_wconf 90' lang='lat' dir='ltr'><strong><em>contemptus,</em></strong></span> <span class='ocrx_word' id='word_1_151' title='bbox 603 3407 803 3479; x_wconf 91' lang='lat' dir='ltr'><strong><em>cotidianus,</em></strong></span> <span class='ocrx_word' id='word_1_152' title='bbox 832 3410 960 3481; x_wconf 92' lang='lat' dir='ltr'><strong><em>cotidie,</em></strong></span> 
     </span>
     <span class='ocr_line' id='line_1_36' title="bbox 208 3483 960 3566; baseline 0.015 -27"><span class='ocrx_word' id='word_1_153' title='bbox 208 3498 290 3553; x_wconf 90' lang='lat' dir='ltr'><strong><em>cum,</em></strong></span> <span class='ocrx_word' id='word_1_154' title='bbox 313 3483 452 3554; x_wconf 91' lang='lat' dir='ltr'><strong><em>inclitus,</em></strong></span> <span class='ocrx_word' id='word_1_155' title='bbox 475 3486 619 3558; x_wconf 93' lang='lat' dir='ltr'><strong><em>lacrima,</em></strong></span> <span class='ocrx_word' id='word_1_156' title='bbox 642 3488 744 3559; x_wconf 93' lang='lat' dir='ltr'><strong><em>milia,</em></strong></span> <span class='ocrx_word' id='word_1_157' title='bbox 763 3489 861 3560; x_wconf 93' lang='lat' dir='ltr'><strong><em>mille,</em></strong></span> <span class='ocrx_word' id='word_1_158' title='bbox 881 3507 960 3566; x_wconf 82' lang='lat' dir='ltr'><strong><em>quo-</em></strong></span> 
     </span>
     <span class='ocr_line' id='line_1_37' title="bbox 208 3561 960 3641; baseline 0.017 -23"><span class='ocrx_word' id='word_1_159' title='bbox 208 3561 306 3631; x_wconf 91' lang='lat' dir='ltr'><strong><em>tiens,</em></strong></span> <span class='ocrx_word' id='word_1_160' title='bbox 330 3562 461 3634; x_wconf 91' lang='lat' dir='ltr'><strong><em>totiens,</em></strong></span> <span class='ocrx_word' id='word_1_161' title='bbox 484 3567 635 3641; x_wconf 88' lang='lat' dir='ltr'><strong><em>repperit,</em></strong></span> <span class='ocrx_word' id='word_1_162' title='bbox 666 3569 839 3640; x_wconf 92' lang='lat' dir='ltr'><strong><em>solacium,</em></strong></span> <span class='ocrx_word' id='word_1_163' title='bbox 871 3571 960 3630; x_wconf 92' lang='lat' dir='ltr'><strong><em>solli-</em></strong></span> 
     </span>
    </p>
   </div>
   <div class='ocr_carea' id='block_1_10' title="bbox 561 3678 601 3720">
    <p class='ocr_par' dir='ltr' id='par_1_14' title="bbox 561 3678 601 3720">
     <span class='ocr_line' id='line_1_38' title="bbox 561 3678 601 3720; baseline 0.025 -1"><span class='ocrx_word' id='word_1_164' title='bbox 561 3678 601 3720; x_wconf 75' lang='lat'><strong><em>41⁰</em></strong></span> 
     </span>
    </p>
   </div>
   <div class='ocr_carea' id='block_1_11' title="bbox 0 0 1076 4168">
    <p class='ocr_par' dir='ltr' id='par_1_15' title="bbox 0 0 1076 4168">
     <span class='ocr_line' id='line_1_39' title="bbox 0 0 1076 4168; baseline 0 3"><span class='ocrx_word' id='word_1_165' title='bbox 0 0 1076 4168; x_wconf 95' lang='lat' dir='ltr'><strong><em> </em></strong></span> 
     </span>
    </p>
   </div>
  </div>
 </body>
</html>
