2152 4174
67 407 811 517 Qfflmafflffi

227 646 499 724 [CAPITVLVM
523 646 653 722 xv111.]

63 799 106 858 De
127 797 216 857 nuda
237 797 443 872 crucifixione
464 801 496 856 et
515 797 555 856 de
578 796 647 855 ulta
667 800 699 855 et
720 795 815 870 longa

119 894 329 970 suspensione
350 894 480 954 Domini
501 893 571 953 Iesu
594 895 627 954 in
649 911 748 955 cruce.

64 1023 309 1244 &medico
325 1088 358 1140 et
371 1079 490 1156 gratias
510 1097 568 1157 ago
584 1079 652 1155 tibi,
675 1079 816 1139 Domine

192 1179 267 1239 lesu
286 1178 444 1253 Christe,
477 1178 652 1254 plasmator
673 1177 840 1237 hominiss

63 1276 298 1354 benignissime
333 1285 365 1336 et
400 1284 566 1352 reparator
600 1275 730 1336 vitiatae
762 1293 817 1336 na-

65 1383 163 1450 turae,
184 1392 243 1451 pro
266 1384 321 1434 tua
337 1373 523 1434 verecunda
544 1374 721 1434 nudatione
743 1384 817 1434 ante

65 1472 169 1531 crucis
212 1471 412 1548 patibulum,
456 1471 510 1531 ubi
553 1472 641 1532 omni
681 1472 818 1533 circum-

65 1577 230 1644 spectante
262 1569 357 1644 plebe
388 1586 496 1630 coram
531 1569 734 1646 rugientibus
765 1587 818 1646 pa·

66 1666 140 1726 ratis
151 1667 190 1727 ad
207 1683 316 1726 escam
331 1666 550 1742 praedonibus
560 1667 690 1743 publice
701 1676 818 1728 exutus
829 1682 853 1724 ιο

67 1780 100 1822 es
129 1773 161 1824 et
189 1763 406 1840 ignominiose
435 1765 592 1826 detectus.
642 1765 819 1827 Omnibus-

69 1878 127 1938 que
156 1862 305 1923 vestibus
332 1862 398 1922 tuis
426 1880 500 1923 cum
530 1863 641 1924 dolore
667 1865 819 1926 extractis

71 1960 152 2021 etin
174 1961 326 2038 praedam
349 1960 432 2020 datis
461 1977 534 2020 cum
560 1978 675 2039 magno
697 1963 817 2023 ibidem

71 2058 183 2119 stetisti
214 2059 333 2119 rubore
362 2075 399 2117 ac
421 2067 581 2135 tremore,
609 2059 699 2119 tenui
729 2060 820 2119 dum·

16 2173 18 2194 ·
72 2163 151 2216 taxat
178 2156 279 2216 linteo
308 2155 514 2232 praecinctus
541 2166 572 2216 et
594 2157 709 2234 spineo
731 2167 819 2218 serto
831 2174 856 2214 rs

73 2269 125 2328 pro
139 2255 320 2315 diademate
336 2263 520 2330 coronatus,
541 2256 686 2315 omnium
705 2272 820 2331 oppro-

72 2349 172 2412 brium
202 2360 234 2412 et
262 2352 400 2413 abiectio
429 2352 571 2412 derisiva
593 2353 748 2429 effectus,
774 2353 819 2413 nil

73 2464 201 2522 prorsus
233 2450 273 2510 de
304 2450 402 2511 rebus
433 2450 545 2510 mundi
577 2468 731 2527 servans,
762 2451 820 2511 sed

73 2552 230 2622 tamquam
267 2548 341 2608 exul
383 2557 416 2607 et
457 2565 581 2624 pauper
618 2549 821 2626 peregrinus,

73 2642 167 2705 immo
196 2644 342 2705 amnium
373 2663 552 2723 pauperum
583 2646 857 2723 pauperrimus,ao

16 2795 18 2812 s
73 2743 155 2821 omni
185 2760 221 2802 re
250 2751 282 2803 et
314 2745 457 2804 humano
486 2745 607 2805 solacio
636 2744 821 2806 destitutus,

74 2837 159 2901 Sicut
181 2840 269 2901 enim
285 2839 388 2901 Adam
411 2841 467 2902 ille
483 2843 608 2919 primus
623 2843 656 2903 in
671 2843 821 2920 paradiso

73 2938 194 3010 positus
215 2948 291 2999 ante
313 2939 438 3014 lapsum
461 2956 557 3000 suum
573 2941 660 3000 nuda
673 2941 821 3002 libertate

73 3032 221 3112 incessit,
249 3036 297 3096 sic
319 3046 351 3097 et
373 3046 407 3097 tu
429 3054 516 3098 nunc
541 3036 609 3114 pari
631 3038 728 3097 modo
751 3055 821 3097 cru·

74 3147 140 3192 cem
169 3133 277 3195 nudus
305 3134 456 3194 ascendis
483 3135 668 3211 paradisum
695 3152 858 3211 repara-25

76 3238 162 3290 turus
192 3231 367 3307 amissum,
396 3232 435 3291 de
465 3249 529 3309 quo
558 3233 628 3309 ipse
657 3233 821 3309 peccando

76 3325 131 3387 fuit
152 3328 278 3390 eiectus
294 3338 326 3391 et
340 3331 436 3407 longe
451 3332 636 3407 propulsus.
669 3331 711 3390 Vt
734 3329 820 3390 enim

73 3425 195 3496 perdita
225 3426 255 3487 ei
287 3427 515 3487 restitueretur
545 3428 750 3503 innocentia,
786 3444 822 3487 ac

77 3519 226 3583 virtutum
248 3524 440 3586 indueretur
460 3525 589 3601 amictu,
611 3527 728 3603 dignus
745 3542 823 3603 quo·

115 3631 204 3671 mmm
218 3643 233 3672 a
252 3633 280 3672 rr.
300 3630 359 3674 neu.
435 3631 472 3672 ua
704 3633 716 3672 a
