2142 4172
98 413 854 526 &Qunam

99 607 177 683 igne
208 605 310 666 sancti
343 605 484 684 Spiritus
515 604 622 665 subito
651 604 858 666 inilammasti

101 714 135 765 et
157 721 255 780 supra
276 704 388 764 mundi
412 703 577 778 sapientes
599 702 757 762 asaeculi
773 703 861 762 vani·

98 812 166 864 tate
188 803 311 862 electos
333 810 366 861 et
385 800 441 860 tibi
459 800 595 860 devotos
610 799 757 875 perfecte
774 799 862 862 intus

100 899 241 962 docuisti
270 909 303 959 et
324 899 363 959 ad
387 898 643 958 convertendum
670 898 860 961 universum

100 998 261 1058 mundum
284 996 485 1057 confortasti.
872 1021 886 1063 5

145 1095 253 1156 Laudo
276 1104 308 1155 et
323 1095 468 1171 glorifico
485 1104 526 1170 te,
548 1094 772 1155 illustrissime
788 1096 861 1156 Iesu

100 1193 253 1268 Christe,
281 1193 481 1253 illuminator
510 1201 542 1252 et
570 1202 738 1269 reparator
765 1194 864 1255 totius

98 1291 234 1370 generis
256 1291 401 1367 humani,
422 1308 480 1367 pro
497 1291 713 1351 conversione
736 1302 768 1353 et
789 1310 865 1353 con-

99 1389 290 1468 gregatione
306 1389 482 1450 multorum
498 1389 703 1467 populorum,
726 1407 809 1466 quos
824 1408 864 1450 ex

100 1488 246 1549 diversis
261 1488 406 1565 partibus
419 1487 530 1548 mundi
547 1496 579 1547 et
593 1487 733 1548 diversis
745 1488 864 1566 linguis
875 1512 900 1554 ιο

100 1587 271 1648 nationum
294 1586 328 1646 in
351 1586 507 1646 unitatem
532 1585 606 1646 lidei
629 1585 810 1647 catholicae
832 1597 865 1647 ct

102 1684 302 1762 apostolicae
325 1684 491 1745 doctrinae
512 1684 714 1762 congregasti
738 1686 777 1746 ad
799 1685 864 1745 col·

101 1784 300 1845 laudandum
331 1782 557 1843 dulcissimum
583 1793 615 1843 et
637 1793 784 1844 sanctum
807 1801 864 1843 no·

102 1899 182 1942 men
204 1891 296 1942 tuum
318 1881 352 1941 in
375 1881 508 1958 hymnis
532 1891 564 1941 et
585 1881 720 1958 psalmis
736 1890 769 1941 et
790 1899 863 1941 can·

105 1979 182 2040 ticis
213 1978 435 2057 spiritualibus
470 1979 504 2038 in
538 1979 689 2039 omnibus
720 1979 801 2038 locis
832 1989 863 2040 et
875 1996 900 2038 15

104 2075 259 2138 ecclesiis
287 2095 323 2138 ac
352 2077 561 2137 monasteriis
582 2077 808 2155 religiosorum
831 2086 864 2137 et

104 2175 257 2235 ordinum
290 2175 494 2235 diversorum
527 2175 792 2235 convenientium
824 2175 862 2235 ad

105 2274 192 2333 hanc
238 2280 382 2331 sanctam
428 2271 678 2332 sollemnitatem
722 2271 863 2348 Spiritus

104 2368 210 2428 sancti
234 2368 446 2429 devotissime
469 2369 704 2431 celebrandam.
742 2370 777 2429 In
800 2387 863 2446 qua

105 2466 210 2527 multa
229 2467 399 2543 mirabilia,
421 2467 553 2543 quaein
575 2467 757 2527 hisdiebus
780 2467 898 2530 iactam

105 2573 194 2640 sunt,
210 2564 387 2624 recitantur
401 2563 434 2624 in
447 2564 588 2624 ecclesia
598 2565 749 2625 audiente
765 2564 861 2624 etiam

105 2662 273 2723 communi
289 2662 409 2738 populo
425 2679 498 2722 cum
514 2661 716 2739 principibus
732 2671 763 2722 et
783 2662 863 2739 opti·

105 2759 249 2821 matibus
279 2759 405 2834 divina,
440 2776 523 2835 quae
555 2759 695 2836 Spiritus
731 2769 863 2820 sanctus

104 2866 261 2935 operatus
290 2866 341 2917 est
370 2874 428 2933 pro
459 2857 563 2917 salute
592 2857 794 2918 credentium
823 2859 862 2918 ab

104 2955 201 3018 initio
223 2954 344 3015 saeculi
367 2955 502 3015 interra
523 2965 555 3015 et
570 2972 674 3031 usque
690 2955 729 3015 ad
750 2955 898 3022 iudicii25

104 3055 194 3116 diem
216 3070 281 3113 non
304 3053 432 3114 desinet
449 3053 585 3129 operari.
615 3053 648 3114 Si
667 3054 754 3113 enim
771 3054 862 3113 Deus

103 3168 166 3230 pro
195 3151 306 3226 nohis,
335 3150 409 3227 quis
437 3161 549 3211 contra
578 3151 666 3211 nos?
708 3150 801 3211 Vnde
828 3150 861 3210 in

104 3248 233 3326 psalmo
265 3248 405 3324 Spiritus
436 3259 569 3309 sanctus
602 3266 717 3309 omnes
748 3248 862 3309 lideles

104 3350 255 3409 hortatur
276 3346 405 3407 dicens:
435 3347 471 3406 In
501 3346 651 3407 ecclesiis
679 3346 861 3407 benedicite

106 3447 180 3506 Deo
216 3443 357 3504 Domino
395 3444 435 3504 de
475 3444 619 3505 fontibus
655 3445 764 3505 lsrael.
814 3445 898 3505 lhiao

106 3542 281 3604 Beniamin
310 3542 575 3603 adulescentulus
602 3542 636 3604 in
664 3542 784 3603 mentis
808 3559 861 3603 ex-

468 3648 509 3688 asa
